<?xml version="1.0" encoding="UTF-8"?>
<!DOCTYPE html PUBLIC "-//W3C//DTD XHTML 1.0 Transitional//EN"
    "http://www.w3.org/TR/xhtml1/DTD/xhtml1-transitional.dtd">
<html xmlns="http://www.w3.org/1999/xhtml" xml:lang="en" lang="en">
 <head>
  <title>
</title>
<meta http-equiv="Content-Type" content="text/html;charset=utf-8" />
  <meta name='ocr-system' content='tesseract 3.04.00' />
  <meta name='ocr-capabilities' content='ocr_page ocr_carea ocr_par ocr_line ocrx_word'/>
</head>
<body>
  <div class='ocr_page' id='page_1' title='image "./arkivfrbotanik17kung_0864.png"; bbox 0 0 1840 3170; ppageno 0'>
   <div class='ocr_carea' id='block_1_1' title="bbox 163 58 1510 101">
    <p class='ocr_par' dir='ltr' id='par_1_1' title="bbox 163 58 1510 101">
     <span class='ocr_line' id='line_1_1' title="bbox 163 58 1510 101; baseline 0.002 -3"><span class='ocrx_word' id='word_1_1' title='bbox 163 61 215 98; x_wconf 85' lang='lat'>68</span> <span class='ocrx_word' id='word_1_2' title='bbox 442 68 595 98; x_wconf 81' lang='lat' dir='ltr'>ARKIV</span> <span class='ocrx_word' id='word_1_3' title='bbox 624 58 719 97; x_wconf 63' lang='lat' dir='ltr'>1³6ss</span> <span class='ocrx_word' id='word_1_4' title='bbox 749 68 982 98; x_wconf 80' lang='lat' dir='ltr'>BOTANIK.</span> <span class='ocrx_word' id='word_1_5' title='bbox 1042 69 1176 98; x_wconf 80' lang='lat' dir='ltr'>BAND</span> <span class='ocrx_word' id='word_1_6' title='bbox 1207 58 1269 100; x_wconf 77' lang='grc'>17.</span> <span class='ocrx_word' id='word_1_7' title='bbox 1329 69 1412 100; x_wconf 74' lang='lat' dir='ltr'>Nto</span> <span class='ocrx_word' id='word_1_8' title='bbox 1443 58 1510 101; x_wconf 82' lang='lat'>17.</span> 
     </span>
    </p>
   </div>
   <div class='ocr_carea' id='block_1_2' title="bbox 158 172 1780 627">
    <p class='ocr_par' dir='ltr' id='par_1_2' title="bbox 158 172 1780 496">
     <span class='ocr_line' id='line_1_2' title="bbox 162 172 1777 228; baseline 0.004 -16"><span class='ocrx_word' id='word_1_9' title='bbox 162 173 342 221; x_wconf 69' lang='lat' dir='ltr'>summi,</span> <span class='ocrx_word' id='word_1_10' title='bbox 364 172 726 227; x_wconf 90' lang='lat' dir='ltr'>pedunculorum</span> <span class='ocrx_word' id='word_1_11' title='bbox 747 173 1062 228; x_wconf 80' lang='lat' dir='ltr'>involucrique</span> <span class='ocrx_word' id='word_1_12' title='bbox 1083 175 1377 224; x_wconf 82' lang='lat' dir='ltr'>obscuriores,</span> <span class='ocrx_word' id='word_1_13' title='bbox 1401 175 1590 218; x_wconf 81' lang='lat' dir='ltr'>obscure</span> <span class='ocrx_word' id='word_1_14' title='bbox 1608 176 1777 227; x_wconf 83' lang='lat' dir='ltr'>fuscae,</span> 
     </span>
     <span class='ocr_line' id='line_1_3' title="bbox 161 239 1779 299; baseline 0.004 -20"><span class='ocrx_word' id='word_1_15' title='bbox 161 240 291 281; x_wconf 81' lang='lat' dir='ltr'>flocci</span> <span class='ocrx_word' id='word_1_16' title='bbox 326 239 551 280; x_wconf 85' lang='lat' dir='ltr'>involucri</span> <span class='ocrx_word' id='word_1_17' title='bbox 585 241 852 294; x_wconf 83' lang='lat' dir='ltr'>parcissimi.</span> <span class='ocrx_word' id='word_1_18' title='bbox 918 241 1116 295; x_wconf 70' lang='lat' dir='ltr'>Diqulae,</span> <span class='ocrx_word' id='word_1_19' title='bbox 1153 247 1205 284; x_wconf 92' lang='lat' dir='ltr'>ut</span> <span class='ocrx_word' id='word_1_20' title='bbox 1240 242 1438 293; x_wconf 85' lang='lat' dir='ltr'>videtur,</span> <span class='ocrx_word' id='word_1_21' title='bbox 1474 257 1652 298; x_wconf 87' lang='lat' dir='ltr'>semper</span> <span class='ocrx_word' id='word_1_22' title='bbox 1684 249 1779 299; x_wconf 85' lang='lat' dir='ltr'>sty-</span> 
     </span>
     <span class='ocr_line' id='line_1_4' title="bbox 161 306 1780 366; baseline 0.004 -20"><span class='ocrx_word' id='word_1_23' title='bbox 161 307 295 355; x_wconf 76' lang='lat' dir='ltr'>losae,</span> <span class='ocrx_word' id='word_1_24' title='bbox 331 306 440 361; x_wconf 83' lang='lat' dir='ltr'>styli</span> <span class='ocrx_word' id='word_1_25' title='bbox 473 321 636 361; x_wconf 89' lang='lat' dir='ltr'>parum</span> <span class='ocrx_word' id='word_1_26' title='bbox 670 307 966 350; x_wconf 87' lang='lat' dir='ltr'>obscuriores.</span> <span class='ocrx_word' id='word_1_27' title='bbox 1030 309 1087 350; x_wconf 92' lang='lat' dir='ltr'>In</span> <span class='ocrx_word' id='word_1_28' title='bbox 1120 323 1212 350; x_wconf 92' lang='lat' dir='ltr'>una</span> <span class='ocrx_word' id='word_1_29' title='bbox 1243 309 1316 351; x_wconf 87' lang='lat' dir='ltr'>vel</span> <span class='ocrx_word' id='word_1_30' title='bbox 1349 316 1545 364; x_wconf 88' lang='lat' dir='ltr'>utraque</span> <span class='ocrx_word' id='word_1_31' title='bbox 1577 312 1780 366; x_wconf 86' lang='lat' dir='ltr'>margine</span> 
     </span>
     <span class='ocr_line' id='line_1_5' title="bbox 160 373 1779 432; baseline 0.004 -19"><span class='ocrx_word' id='word_1_32' title='bbox 160 373 257 415; x_wconf 84' lang='lat' dir='ltr'>folii</span> <span class='ocrx_word' id='word_1_33' title='bbox 283 373 452 415; x_wconf 87' lang='lat' dir='ltr'>caulini</span> <span class='ocrx_word' id='word_1_34' title='bbox 477 388 611 429; x_wconf 84' lang='lat' dir='ltr'>saepe</span> <span class='ocrx_word' id='word_1_35' title='bbox 636 374 747 416; x_wconf 89' lang='lat' dir='ltr'>dens</span> <span class='ocrx_word' id='word_1_36' title='bbox 772 389 891 417; x_wconf 91' lang='lat' dir='ltr'>unus</span> <span class='ocrx_word' id='word_1_37' title='bbox 916 375 1090 418; x_wconf 81' lang='lat' dir='ltr'>alterve</span> <span class='ocrx_word' id='word_1_38' title='bbox 1117 377 1264 419; x_wconf 90' lang='lat' dir='ltr'>multo</span> <span class='ocrx_word' id='word_1_39' title='bbox 1290 378 1438 431; x_wconf 85' lang='lat' dir='ltr'>major</span> <span class='ocrx_word' id='word_1_40' title='bbox 1463 391 1602 432; x_wconf 88' lang='lat' dir='ltr'>quam</span> <span class='ocrx_word' id='word_1_41' title='bbox 1627 380 1779 421; x_wconf 89' lang='lat' dir='ltr'>ceteri.</span> 
     </span>
     <span class='ocr_line' id='line_1_6' title="bbox 158 441 1318 496; baseline 0.004 -15"><span class='ocrx_word' id='word_1_42' title='bbox 158 441 441 483; x_wconf 66' lang='lat' dir='ltr'>Involucrum</span> <span class='ocrx_word' id='word_1_43' title='bbox 476 442 744 496; x_wconf 90' lang='lat' dir='ltr'>primarium</span> <span class='ocrx_word' id='word_1_44' title='bbox 785 445 991 492; x_wconf 82' lang='lat'>12‚5—15</span> <span class='ocrx_word' id='word_1_45' title='bbox 1027 458 1121 484; x_wconf 90' lang='lat' dir='ltr'>mm</span> <span class='ocrx_word' id='word_1_46' title='bbox 1157 444 1318 486; x_wconf 88' lang='lat' dir='ltr'>altum.</span> 
     </span>
    </p>

    <p class='ocr_par' dir='ltr' id='par_1_3' title="bbox 166 509 1780 627">
     <span class='ocr_line' id='line_1_7' title="bbox 278 509 1780 568; baseline 0.004 -19"><span class='ocrx_word' id='word_1_47' title='bbox 278 509 463 549; x_wconf 89' lang='lat' dir='ltr'>Lima:</span> <span class='ocrx_word' id='word_1_48' title='bbox 509 509 804 563; x_wconf 78' lang='lat' dir='ltr'>Hundfj‘allet</span> <span class='ocrx_word' id='word_1_49' title='bbox 842 511 857 551; x_wconf 94' lang='lat' dir='ltr'>i</span> <span class='ocrx_word' id='word_1_50' title='bbox 895 511 1122 566; x_wconf 86' lang='lat' dir='ltr'>granskog</span> <span class='ocrx_word' id='word_1_51' title='bbox 1161 512 1176 552; x_wconf 94' lang='lat' dir='ltr'>i</span> <span class='ocrx_word' id='word_1_52' title='bbox 1216 512 1656 568; x_wconf 74' lang='lat' dir='ltr'>Hundfjallsgraven</span> <span class='ocrx_word' id='word_1_53' title='bbox 1701 514 1780 568; x_wconf 51' lang='grc' dir='ltr'>(Ὗ,</span> 
     </span>
     <span class='ocr_line' id='line_1_8' title="bbox 166 579 1034 627; baseline 0.007 -12"><span class='ocrx_word' id='word_1_54' title='bbox 166 579 310 627; x_wconf 70' lang='grc'><strong>1913).</strong></span> <span class='ocrx_word' id='word_1_55' title='bbox 1025 581 1034 589; x_wconf 91' lang='grc'><em>·</em></span> 
     </span>
    </p>
   </div>
   <div class='ocr_carea' id='block_1_3' title="bbox 277 666 642 708">
    <p class='ocr_par' dir='ltr' id='par_1_4' title="bbox 277 666 642 708">
     <span class='ocr_line' id='line_1_9' title="bbox 277 666 642 708; baseline 0.005 -2"><span class='ocrx_word' id='word_1_56' title='bbox 277 667 334 706; x_wconf 84' lang='grc' dir='ltr'>Η.</span> <span class='ocrx_word' id='word_1_57' title='bbox 363 666 565 707; x_wconf 83' lang='lat' dir='ltr'>trifidum</span> <span class='ocrx_word' id='word_1_58' title='bbox 598 680 642 708; x_wconf 90' lang='lat' dir='ltr'>n.</span> 
     </span>
    </p>
   </div>
   <div class='ocr_carea' id='block_1_4' title="bbox 159 733 1782 1401">
    <p class='ocr_par' dir='ltr' id='par_1_5' title="bbox 159 733 1782 1334">
     <span class='ocr_line' id='line_1_10' title="bbox 277 733 1781 790; baseline 0.005 -17"><span class='ocrx_word' id='word_1_59' title='bbox 277 733 349 774; x_wconf 80' lang='lat' dir='ltr'>Ab</span> <span class='ocrx_word' id='word_1_60' title='bbox 397 733 457 774; x_wconf 91' lang='lat' dir='ltr'>H.</span> <span class='ocrx_word' id='word_1_61' title='bbox 507 740 734 776; x_wconf 73' lang='lat' dir='ltr'>nummato</span> <span class='ocrx_word' id='word_1_62' title='bbox 781 736 903 777; x_wconf 88' lang='lat' dir='ltr'>notis</span> <span class='ocrx_word' id='word_1_63' title='bbox 951 737 1249 790; x_wconf 79' lang='lat' dir='ltr'>sequentibus</span> <span class='ocrx_word' id='word_1_64' title='bbox 1298 737 1545 780; x_wconf 84' lang='lat' dir='ltr'>diversum.</span> <span class='ocrx_word' id='word_1_65' title='bbox 1625 737 1781 780; x_wconf 77' lang='lat' dir='ltr'>Caulis</span> 
     </span>
     <span class='ocr_line' id='line_1_11' title="bbox 161 800 1780 860; baseline 0.004 -19"><span class='ocrx_word' id='word_1_66' title='bbox 161 800 425 855; x_wconf 84' lang='lat' dir='ltr'>(licephalus</span> <span class='ocrx_word' id='word_1_67' title='bbox 457 801 531 843; x_wconf 84' lang='lat' dir='ltr'>vel</span> <span class='ocrx_word' id='word_1_68' title='bbox 562 803 742 857; x_wconf 91' lang='lat' dir='ltr'>saepius</span> <span class='ocrx_word' id='word_1_69' title='bbox 774 803 1068 858; x_wconf 88' lang='lat' dir='ltr'>tricephalus.</span> <span class='ocrx_word' id='word_1_70' title='bbox 1132 804 1264 846; x_wconf 76' lang='lat' dir='ltr'>Folia</span> <span class='ocrx_word' id='word_1_71' title='bbox 1295 819 1430 860; x_wconf 87' lang='lat' dir='ltr'>saepe</span> <span class='ocrx_word' id='word_1_72' title='bbox 1460 804 1599 860; x_wconf 88' lang='lat' dir='ltr'>paulo</span> <span class='ocrx_word' id='word_1_73' title='bbox 1630 806 1780 847; x_wconf 89' lang='lat' dir='ltr'>minus</span> 
     </span>
     <span class='ocr_line' id='line_1_12' title="bbox 159 868 1781 928; baseline 0.004 -20"><span class='ocrx_word' id='word_1_74' title='bbox 159 868 317 922; x_wconf 85' lang='lat' dir='ltr'>pilosa.</span> <span class='ocrx_word' id='word_1_75' title='bbox 375 868 402 910; x_wconf 92' lang='lat' dir='ltr'><em>I</em></span> <span class='ocrx_word' id='word_1_76' title='bbox 405 869 611 910; x_wconf 76' lang='lat' dir='ltr'>nvolucra</span> <span class='ocrx_word' id='word_1_77' title='bbox 639 869 778 924; x_wconf 89' lang='lat' dir='ltr'>paulo</span> <span class='ocrx_word' id='word_1_78' title='bbox 807 870 1063 921; x_wconf 87' lang='lat' dir='ltr'>humiliora,</span> <span class='ocrx_word' id='word_1_79' title='bbox 1095 871 1194 914; x_wconf 88' lang='lat' dir='ltr'>basi</span> <span class='ocrx_word' id='word_1_80' title='bbox 1222 872 1482 923; x_wconf 87' lang='lat' dir='ltr'>subconica,</span> <span class='ocrx_word' id='word_1_81' title='bbox 1512 872 1781 928; x_wconf 90' lang='lat' dir='ltr'>primarium</span> 
     </span>
     <span class='ocr_line' id='line_1_13' title="bbox 166 936 1782 996; baseline 0.004 -20"><span class='ocrx_word' id='word_1_82' title='bbox 166 938 372 986; x_wconf 83' lang='lat'>12—12,5</span> <span class='ocrx_word' id='word_1_83' title='bbox 403 950 498 977; x_wconf 91' lang='lat' dir='ltr'>mm</span> <span class='ocrx_word' id='word_1_84' title='bbox 529 936 691 987; x_wconf 87' lang='lat' dir='ltr'>altum,</span> <span class='ocrx_word' id='word_1_85' title='bbox 723 937 828 993; x_wconf 89' lang='lat' dir='ltr'>pilis</span> <span class='ocrx_word' id='word_1_86' title='bbox 864 938 1003 993; x_wconf 86' lang='lat' dir='ltr'>vulgo</span> <span class='ocrx_word' id='word_1_87' title='bbox 1034 939 1184 982; x_wconf 84' lang='lat' dir='ltr'>minus</span> <span class='ocrx_word' id='word_1_88' title='bbox 1213 941 1467 982; x_wconf 86' lang='lat' dir='ltr'>numerosis</span> <span class='ocrx_word' id='word_1_89' title='bbox 1496 940 1706 996; x_wconf 87' lang='lat' dir='ltr'>praedita</span> <span class='ocrx_word' id='word_1_90' title='bbox 1735 945 1782 983; x_wconf 86' lang='lat' dir='ltr'>et</span> 
     </span>
     <span class='ocr_line' id='line_1_14' title="bbox 159 1003 1780 1063; baseline 0.003 -19"><span class='ocrx_word' id='word_1_91' title='bbox 159 1003 313 1045; x_wconf 84' lang='lat' dir='ltr'>floccis</span> <span class='ocrx_word' id='word_1_92' title='bbox 340 1004 598 1054; x_wconf 82' lang='lat' dir='ltr'>rarissimis,</span> <span class='ocrx_word' id='word_1_93' title='bbox 627 1019 773 1060; x_wconf 89' lang='lat' dir='ltr'>paene</span> <span class='ocrx_word' id='word_1_94' title='bbox 799 1006 848 1047; x_wconf 90' lang='lat' dir='ltr'>in</span> <span class='ocrx_word' id='word_1_95' title='bbox 887 1007 1090 1060; x_wconf 89' lang='lat' dir='ltr'>squamis</span> <span class='ocrx_word' id='word_1_96' title='bbox 1123 1008 1339 1049; x_wconf 83' lang='lat' dir='ltr'>extremis</span> <span class='ocrx_word' id='word_1_97' title='bbox 1377 1013 1579 1050; x_wconf 89' lang='lat' dir='ltr'>tantum.</span> <span class='ocrx_word' id='word_1_98' title='bbox 1638 1007 1780 1063; x_wconf 86' lang='lat' dir='ltr'>Squa-</span> 
     </span>
     <span class='ocr_line' id='line_1_15' title="bbox 160 1070 1781 1131; baseline 0.004 -20"><span class='ocrx_word' id='word_1_99' title='bbox 160 1085 261 1113; x_wconf 91' lang='lat' dir='ltr'>mae</span> <span class='ocrx_word' id='word_1_100' title='bbox 291 1070 430 1126; x_wconf 91' lang='lat' dir='ltr'>paulo</span> <span class='ocrx_word' id='word_1_101' title='bbox 461 1071 757 1123; x_wconf 89' lang='lat' dir='ltr'>obscuriores,</span> <span class='ocrx_word' id='word_1_102' title='bbox 791 1074 1082 1124; x_wconf 80' lang='lat' dir='ltr'>atro-fuscae,</span> <span class='ocrx_word' id='word_1_103' title='bbox 1113 1074 1244 1117; x_wconf 90' lang='lat' dir='ltr'>lineis</span> <span class='ocrx_word' id='word_1_104' title='bbox 1274 1075 1496 1118; x_wconf 77' lang='lat' dir='ltr'>subrectis</span> <span class='ocrx_word' id='word_1_105' title='bbox 1526 1076 1575 1117; x_wconf 92' lang='lat' dir='ltr'>in</span> <span class='ocrx_word' id='word_1_106' title='bbox 1603 1075 1781 1131; x_wconf 87' lang='lat' dir='ltr'>apicem</span> 
     </span>
     <span class='ocr_line' id='line_1_16' title="bbox 160 1139 1782 1197; baseline 0.004 -17"><span class='ocrx_word' id='word_1_107' title='bbox 160 1143 445 1188; x_wconf 80' lang='lat' dir='ltr'>attenuatae,</span> <span class='ocrx_word' id='word_1_108' title='bbox 495 1139 574 1181; x_wconf 91' lang='lat' dir='ltr'>sed</span> <span class='ocrx_word' id='word_1_109' title='bbox 618 1140 759 1195; x_wconf 92' lang='lat' dir='ltr'>paulo</span> <span class='ocrx_word' id='word_1_110' title='bbox 805 1141 940 1183; x_wconf 91' lang='lat' dir='ltr'>citius</span> <span class='ocrx_word' id='word_1_111' title='bbox 994 1143 1119 1197; x_wconf 92' lang='lat' dir='ltr'>(quia</span> <span class='ocrx_word' id='word_1_112' title='bbox 1165 1142 1351 1185; x_wconf 90' lang='lat' dir='ltr'>eaedem</span> <span class='ocrx_word' id='word_1_113' title='bbox 1397 1143 1628 1185; x_wconf 82' lang='lat' dir='ltr'>breviores</span> <span class='ocrx_word' id='word_1_114' title='bbox 1672 1147 1782 1186; x_wconf 82' lang='lat' dir='ltr'>sunt</span> 
     </span>
     <span class='ocr_line' id='line_1_17' title="bbox 161 1206 1781 1265; baseline 0.004 -19"><span class='ocrx_word' id='word_1_115' title='bbox 161 1220 301 1260; x_wconf 88' lang='lat' dir='ltr'>quam</span> <span class='ocrx_word' id='word_1_116' title='bbox 326 1206 376 1248; x_wconf 90' lang='lat' dir='ltr'>in</span> <span class='ocrx_word' id='word_1_117' title='bbox 402 1207 463 1248; x_wconf 93' lang='lat' dir='ltr'>H.</span> <span class='ocrx_word' id='word_1_118' title='bbox 492 1211 756 1262; x_wconf 75' lang='lat' dir='ltr'>nummato).</span> <span class='ocrx_word' id='word_1_119' title='bbox 816 1208 1071 1252; x_wconf 84' lang='lat' dir='ltr'>Glandulae</span> <span class='ocrx_word' id='word_1_120' title='bbox 1100 1224 1266 1265; x_wconf 90' lang='lat' dir='ltr'>parum</span> <span class='ocrx_word' id='word_1_121' title='bbox 1294 1210 1590 1261; x_wconf 87' lang='lat' dir='ltr'>obscuriores,</span> <span class='ocrx_word' id='word_1_122' title='bbox 1629 1220 1667 1260; x_wconf 50' lang='grc' dir='ltr'><em>ὲ</em></span> <span class='ocrx_word' id='word_1_123' title='bbox 1702 1210 1781 1253; x_wconf 92' lang='lat' dir='ltr'>ob-</span> 
     </span>
     <span class='ocr_line' id='line_1_18' title="bbox 159 1274 1548 1334; baseline 0.004 -19"><span class='ocrx_word' id='word_1_124' title='bbox 159 1288 330 1325; x_wconf 90' lang='lat' dir='ltr'>scurae,</span> <span class='ocrx_word' id='word_1_125' title='bbox 358 1274 528 1317; x_wconf 81' lang='lat' dir='ltr'>fuscae.</span> <span class='ocrx_word' id='word_1_126' title='bbox 587 1275 787 1330; x_wconf 72' lang='lat' dir='ltr'>Liqulae,</span> <span class='ocrx_word' id='word_1_127' title='bbox 817 1282 870 1319; x_wconf 89' lang='lat' dir='ltr'>ut</span> <span class='ocrx_word' id='word_1_128' title='bbox 898 1277 1097 1327; x_wconf 84' lang='lat' dir='ltr'>videtur,</span> <span class='ocrx_word' id='word_1_129' title='bbox 1128 1292 1306 1333; x_wconf 88' lang='lat' dir='ltr'>semper</span> <span class='ocrx_word' id='word_1_130' title='bbox 1333 1278 1548 1334; x_wconf 87' lang='lat' dir='ltr'>stylosae.</span> 
     </span>
    </p>

    <p class='ocr_par' dir='ltr' id='par_1_6' title="bbox 275 1343 1580 1401">
     <span class='ocr_line' id='line_1_19' title="bbox 275 1343 1580 1401; baseline 0.004 -18"><span class='ocrx_word' id='word_1_131' title='bbox 275 1343 685 1385; x_wconf 89' lang='lat' dir='ltr'>Transtrand:</span> <span class='ocrx_word' id='word_1_132' title='bbox 720 1344 994 1399; x_wconf 72' lang='lat' dir='ltr'>Hemfjallet</span> <span class='ocrx_word' id='word_1_133' title='bbox 1022 1345 1039 1386; x_wconf 91' lang='lat' dir='ltr'>i</span> <span class='ocrx_word' id='word_1_134' title='bbox 1066 1359 1157 1400; x_wconf 89' lang='lat' dir='ltr'>reg.</span> <span class='ocrx_word' id='word_1_135' title='bbox 1189 1345 1280 1401; x_wconf 88' lang='lat' dir='ltr'>alp.</span> <span class='ocrx_word' id='word_1_136' title='bbox 1317 1347 1399 1401; x_wconf 81' lang='lat' dir='ltr'>(³0l⁷</span> <span class='ocrx_word' id='word_1_137' title='bbox 1433 1348 1580 1400; x_wconf 88' lang='grc'><strong>1910).</strong></span> 
     </span>
    </p>
   </div>
   <div class='ocr_carea' id='block_1_5' title="bbox 274 1433 1604 1627">
    <p class='ocr_par' dir='ltr' id='par_1_7' title="bbox 274 1433 1604 1627">
     <span class='ocr_line' id='line_1_20' title="bbox 275 1433 733 1476; baseline 0.004 -2"><span class='ocrx_word' id='word_1_138' title='bbox 275 1433 326 1474; x_wconf 89' lang='lat' dir='ltr'>F.</span> <span class='ocrx_word' id='word_1_139' title='bbox 359 1439 593 1475; x_wconf 79' lang='lat' dir='ltr'>cuneatum</span> <span class='ocrx_word' id='word_1_140' title='bbox 623 1447 668 1475; x_wconf 91' lang='lat' dir='ltr'>n.</span> <span class='ocrx_word' id='word_1_141' title='bbox 701 1434 733 1476; x_wconf 82' lang='lat' dir='ltr'>f.</span> 
     </span>
     <span class='ocr_line' id='line_1_21' title="bbox 274 1500 1037 1561; baseline 0.004 -19"><span class='ocrx_word' id='word_1_142' title='bbox 274 1500 406 1542; x_wconf 88' lang='lat' dir='ltr'>Folia</span> <span class='ocrx_word' id='word_1_143' title='bbox 437 1501 660 1543; x_wconf 87' lang='lat' dir='ltr'>rosularia</span> <span class='ocrx_word' id='word_1_144' title='bbox 694 1502 794 1561; x_wconf 83' lang='lat' dir='ltr'>basi</span> <span class='ocrx_word' id='word_1_145' title='bbox 827 1508 1037 1545; x_wconf 83' lang='lat' dir='ltr'>cuneata.</span> 
     </span>
     <span class='ocr_line' id='line_1_22' title="bbox 274 1569 1604 1627; baseline 0.002 -17"><span class='ocrx_word' id='word_1_146' title='bbox 274 1569 687 1611; x_wconf 85' lang='lat' dir='ltr'>Transtrand:</span> <span class='ocrx_word' id='word_1_147' title='bbox 721 1570 996 1625; x_wconf 68' lang='lat' dir='ltr'>Hemfjallet</span> <span class='ocrx_word' id='word_1_148' title='bbox 1029 1571 1045 1612; x_wconf 98' lang='grc'>1</span> <span class='ocrx_word' id='word_1_149' title='bbox 1077 1585 1169 1625; x_wconf 92' lang='lat' dir='ltr'>reg.</span> <span class='ocrx_word' id='word_1_150' title='bbox 1205 1570 1296 1627; x_wconf 89' lang='lat' dir='ltr'>alp.</span> <span class='ocrx_word' id='word_1_151' title='bbox 1338 1573 1419 1626; x_wconf 72' lang='lat' dir='ltr'>(³0l⁷</span> <span class='ocrx_word' id='word_1_152' title='bbox 1458 1574 1604 1626; x_wconf 88' lang='lat'>1910).</span> 
     </span>
    </p>
   </div>
   <div class='ocr_carea' id='block_1_6' title="bbox 157 1660 1837 2933">
    <p class='ocr_par' dir='ltr' id='par_1_8' title="bbox 274 1660 777 1711">
     <span class='ocr_line' id='line_1_23' title="bbox 274 1660 777 1711; baseline 0.006 -12"><span class='ocrx_word' id='word_1_153' title='bbox 274 1660 331 1702; x_wconf 85' lang='lat'>11.</span> <span class='ocrx_word' id='word_1_154' title='bbox 361 1660 701 1711; x_wconf 84' lang='lat' dir='ltr'>anisopleurum</span> <span class='ocrx_word' id='word_1_155' title='bbox 733 1674 777 1702; x_wconf 93' lang='grc'>11.</span> 
     </span>
    </p>

    <p class='ocr_par' dir='ltr' id='par_1_9' title="bbox 157 1726 1837 2933">
     <span class='ocr_line' id='line_1_24' title="bbox 275 1726 1782 1785; baseline 0.003 -17"><span class='ocrx_word' id='word_1_156' title='bbox 275 1726 433 1769; x_wconf 70' lang='lat' dir='ltr'>Caulis</span> <span class='ocrx_word' id='word_1_157' title='bbox 471 1730 643 1769; x_wconf 82' lang='lat'><strong>32—36</strong></span> <span class='ocrx_word' id='word_1_158' title='bbox 680 1741 753 1770; x_wconf 88' lang='lat' dir='ltr'>cm</span> <span class='ocrx_word' id='word_1_159' title='bbox 791 1727 927 1778; x_wconf 90' lang='lat' dir='ltr'>altus,</span> <span class='ocrx_word' id='word_1_160' title='bbox 965 1742 1029 1783; x_wconf 88' lang='lat' dir='ltr'>gr</span> <span class='ocrx_word' id='word_1_161' title='bbox 1042 1742 1070 1770; x_wconf 89' lang='lat' dir='ltr'>a</span> <span class='ocrx_word' id='word_1_162' title='bbox 1083 1728 1239 1779; x_wconf 91' lang='lat' dir='ltr'>cilis,</span> <span class='ocrx_word' id='word_1_163' title='bbox 1281 1729 1477 1779; x_wconf 83' lang='lat' dir='ltr'>-l-folius,</span> <span class='ocrx_word' id='word_1_164' title='bbox 1510 1728 1705 1785; x_wconf 87' lang='lat' dir='ltr'>simplex</span> <span class='ocrx_word' id='word_1_165' title='bbox 1733 1734 1782 1772; x_wconf 82' lang='lat' dir='ltr'>et</span> 
     </span>
     <span class='ocr_line' id='line_1_25' title="bbox 157 1794 1781 1852; baseline 0.002 -17"><span class='ocrx_word' id='word_1_166' title='bbox 157 1794 514 1850; x_wconf 88' lang='lat' dir='ltr'>monocephalus</span> <span class='ocrx_word' id='word_1_167' title='bbox 546 1795 621 1837; x_wconf 86' lang='lat' dir='ltr'>vel</span> <span class='ocrx_word' id='word_1_168' title='bbox 651 1796 833 1850; x_wconf 89' lang='lat' dir='ltr'>saepius</span> <span class='ocrx_word' id='word_1_169' title='bbox 864 1810 1058 1851; x_wconf 87' lang='lat' dir='ltr'>superne</span> <span class='ocrx_word' id='word_1_170' title='bbox 1087 1810 1218 1838; x_wconf 90' lang='lat' dir='ltr'>ramo</span> <span class='ocrx_word' id='word_1_171' title='bbox 1248 1796 1581 1852; x_wconf 87' lang='lat' dir='ltr'>monocephalo</span> <span class='ocrx_word' id='word_1_172' title='bbox 1609 1801 1781 1839; x_wconf 85' lang='lat' dir='ltr'>erecto-</span> 
     </span>
     <span class='ocr_line' id='line_1_26' title="bbox 157 1862 1782 1919; baseline 0.001 -16"><span class='ocrx_word' id='word_1_173' title='bbox 157 1867 347 1916; x_wconf 88' lang='lat' dir='ltr'>patente</span> <span class='ocrx_word' id='word_1_174' title='bbox 373 1877 430 1904; x_wconf 89' lang='lat' dir='ltr'>ex</span> <span class='ocrx_word' id='word_1_175' title='bbox 458 1862 599 1904; x_wconf 88' lang='lat' dir='ltr'>axillo</span> <span class='ocrx_word' id='word_1_176' title='bbox 625 1862 839 1905; x_wconf 91' lang='lat' dir='ltr'>bracteae</span> <span class='ocrx_word' id='word_1_177' title='bbox 867 1869 983 1913; x_wconf 90' lang='lat' dir='ltr'>orto,</span> <span class='ocrx_word' id='word_1_178' title='bbox 1013 1863 1244 1905; x_wconf 89' lang='lat' dir='ltr'>acladium</span> <span class='ocrx_word' id='word_1_179' title='bbox 1273 1867 1446 1905; x_wconf 85' lang='lat'>24——40</span> <span class='ocrx_word' id='word_1_180' title='bbox 1472 1878 1567 1906; x_wconf 90' lang='lat' dir='ltr'>mm</span> <span class='ocrx_word' id='word_1_181' title='bbox 1592 1863 1782 1919; x_wconf 89' lang='lat' dir='ltr'>longum</span> 
     </span>
     <span class='ocr_line' id='line_1_27' title="bbox 157 1930 1781 1987; baseline 0.002 -17"><span class='ocrx_word' id='word_1_182' title='bbox 157 1935 404 1985; x_wconf 89' lang='lat' dir='ltr'>superante</span> <span class='ocrx_word' id='word_1_183' title='bbox 426 1931 696 1980; x_wconf 88' lang='lat' dir='ltr'>instructus,</span> <span class='ocrx_word' id='word_1_184' title='bbox 722 1944 858 1986; x_wconf 89' lang='lat' dir='ltr'>parce</span> <span class='ocrx_word' id='word_1_185' title='bbox 881 1930 1068 1986; x_wconf 89' lang='lat' dir='ltr'>pilosus,</span> <span class='ocrx_word' id='word_1_186' title='bbox 1095 1945 1290 1986; x_wconf 88' lang='lat' dir='ltr'>superne</span> <span class='ocrx_word' id='word_1_187' title='bbox 1313 1931 1540 1987; x_wconf 87' lang='lat' dir='ltr'>glandulis</span> <span class='ocrx_word' id='word_1_188' title='bbox 1564 1931 1781 1974; x_wconf 84' lang='lat' dir='ltr'>brevibus</span> 
     </span>
     <span class='ocr_line' id='line_1_28' title="bbox 158 1997 1779 2054; baseline 0.001 -15"><span class='ocrx_word' id='word_1_189' title='bbox 158 2023 216 2027; x_wconf 82' lang='lat'>--</span> <span class='ocrx_word' id='word_1_190' title='bbox 233 1997 538 2040; x_wconf 89' lang='lat' dir='ltr'>mediocribus</span> <span class='ocrx_word' id='word_1_191' title='bbox 556 2023 616 2028; x_wconf 92' lang='lat'>—-</span> <span class='ocrx_word' id='word_1_192' title='bbox 631 1999 804 2053; x_wconf 88' lang='lat' dir='ltr'>partim</span> <span class='ocrx_word' id='word_1_193' title='bbox 832 1998 993 2054; x_wconf 87' lang='lat' dir='ltr'>longis,</span> <span class='ocrx_word' id='word_1_194' title='bbox 1023 1999 1164 2054; x_wconf 90' lang='lat' dir='ltr'>nigris</span> <span class='ocrx_word' id='word_1_195' title='bbox 1194 2000 1414 2041; x_wconf 91' lang='lat' dir='ltr'>munitus.</span> <span class='ocrx_word' id='word_1_196' title='bbox 1474 1999 1608 2042; x_wconf 74' lang='lat' dir='ltr'>Folia</span> <span class='ocrx_word' id='word_1_197' title='bbox 1621 1999 1691 2042; x_wconf 80' lang='lat' dir='ltr'>la</span> <span class='ocrx_word' id='word_1_198' title='bbox 1702 2004 1725 2042; x_wconf 85' lang='lat' dir='ltr'>t</span> <span class='ocrx_word' id='word_1_199' title='bbox 1737 2012 1779 2049; x_wconf 84' lang='lat' dir='ltr'>a,</span> 
     </span>
     <span class='ocr_line' id='line_1_29' title="bbox 157 2065 1782 2122; baseline 0.002 -16"><span class='ocrx_word' id='word_1_200' title='bbox 157 2066 330 2115; x_wconf 87' lang='lat' dir='ltr'>tenuia,</span> <span class='ocrx_word' id='word_1_201' title='bbox 372 2065 834 2121; x_wconf 82' lang='lat' dir='ltr'>microglandulifera‚</span> <span class='ocrx_word' id='word_1_202' title='bbox 874 2065 1097 2108; x_wconf 88' lang='lat' dir='ltr'>rosularia</span> <span class='ocrx_word' id='word_1_203' title='bbox 1135 2066 1221 2108; x_wconf 90' lang='lat' dir='ltr'>sub</span> <span class='ocrx_word' id='word_1_204' title='bbox 1261 2067 1442 2109; x_wconf 86' lang='lat' dir='ltr'>anthesi</span> <span class='ocrx_word' id='word_1_205' title='bbox 1482 2070 1609 2118; x_wconf 89' lang='lat'>3—4,</span> <span class='ocrx_word' id='word_1_206' title='bbox 1648 2066 1782 2122; x_wconf 84' lang='lat' dir='ltr'>longe</span> 
     </span>
     <span class='ocr_line' id='line_1_30' title="bbox 158 2133 1783 2190; baseline 0.001 -16"><span class='ocrx_word' id='word_1_207' title='bbox 158 2137 204 2174; x_wconf 90' lang='lat' dir='ltr'>et</span> <span class='ocrx_word' id='word_1_208' title='bbox 231 2138 425 2187; x_wconf 88' lang='lat' dir='ltr'>anguste</span> <span class='ocrx_word' id='word_1_209' title='bbox 451 2133 690 2189; x_wconf 73' lang='lat' dir='ltr'>petiolata,</span> <span class='ocrx_word' id='word_1_210' title='bbox 717 2134 971 2176; x_wconf 89' lang='lat' dir='ltr'>rotundata</span> <span class='ocrx_word' id='word_1_211' title='bbox 988 2159 1049 2164; x_wconf 94' lang='lat'><strong>—</strong></span> <span class='ocrx_word' id='word_1_212' title='bbox 1064 2134 1261 2177; x_wconf 86' lang='lat' dir='ltr'>ovaliter</span> <span class='ocrx_word' id='word_1_213' title='bbox 1285 2134 1502 2190; x_wconf 88' lang='lat' dir='ltr'>elliptica,</span> <span class='ocrx_word' id='word_1_214' title='bbox 1529 2133 1683 2176; x_wconf 85' lang='lat' dir='ltr'>ovalia</span> <span class='ocrx_word' id='word_1_215' title='bbox 1707 2133 1783 2176; x_wconf 84' lang='lat' dir='ltr'>vel</span> 
     </span>
     <span class='ocr_line' id='line_1_31' title="bbox 159 2195 1781 2256; baseline 0.001 -15"><span class='ocrx_word' id='word_1_216' title='bbox 159 2199 355 2243; x_wconf 90' lang='lat' dir='ltr'>ovaliter</span> <span class='ocrx_word' id='word_1_217' title='bbox 373 2200 633 2244; x_wconf 88' lang='lat' dir='ltr'>lanceolata</span> <span class='ocrx_word' id='word_1_218' title='bbox 660 2201 932 2255; x_wconf 89' lang='lat' dir='ltr'>(intimum),</span> <span class='ocrx_word' id='word_1_219' title='bbox 974 2216 996 2243; x_wconf 88' lang='lat' dir='ltr'>r</span> <span class='ocrx_word' id='word_1_220' title='bbox 1010 2215 1037 2243; x_wconf 95' lang='lat' dir='ltr'>o</span> <span class='ocrx_word' id='word_1_221' title='bbox 1049 2206 1071 2244; x_wconf 91' lang='lat' dir='ltr'>t</span> <span class='ocrx_word' id='word_1_222' title='bbox 1083 2216 1115 2243; x_wconf 92' lang='lat' dir='ltr'>u</span> <span class='ocrx_word' id='word_1_223' title='bbox 1126 2215 1158 2243; x_wconf 93' lang='lat' dir='ltr'>n</span> <span class='ocrx_word' id='word_1_224' title='bbox 1172 2202 1204 2243; x_wconf 95' lang='lat' dir='ltr'>d</span> <span class='ocrx_word' id='word_1_225' title='bbox 1216 2216 1245 2244; x_wconf 89' lang='lat' dir='ltr'>a</span> <span class='ocrx_word' id='word_1_226' title='bbox 1256 2207 1278 2245; x_wconf 91' lang='lat' dir='ltr'>t</span> <span class='ocrx_word' id='word_1_227' title='bbox 1291 2215 1367 2244; x_wconf 96' lang='lat' dir='ltr'>o-o</span> <span class='ocrx_word' id='word_1_228' title='bbox 1380 2202 1410 2244; x_wconf 96' lang='lat' dir='ltr'>b</span> <span class='ocrx_word' id='word_1_229' title='bbox 1424 2207 1446 2245; x_wconf 91' lang='lat' dir='ltr'>t</span> <span class='ocrx_word' id='word_1_230' title='bbox 1458 2195 1490 2244; x_wconf 85' lang='lat' dir='ltr'>u</span> <span class='ocrx_word' id='word_1_231' title='bbox 1503 2216 1524 2244; x_wconf 88' lang='grc'><strong>5</strong></span> <span class='ocrx_word' id='word_1_232' title='bbox 1537 2215 1565 2244; x_wconf 82' lang='lat' dir='ltr'>a.</span> <span class='ocrx_word' id='word_1_233' title='bbox 1605 2201 1696 2256; x_wconf 87' lang='lat' dir='ltr'>(vel</span> <span class='ocrx_word' id='word_1_234' title='bbox 1713 2201 1781 2243; x_wconf 89' lang='lat' dir='ltr'>in-</span> 
     </span>
     <span class='ocr_line' id='line_1_32' title="bbox 157 2268 1773 2323; baseline 0.002 -14"><span class='ocrx_word' id='word_1_235' title='bbox 157 2268 326 2309; x_wconf 85' lang='lat' dir='ltr'>timum</span> <span class='ocrx_word' id='word_1_236' title='bbox 357 2268 820 2323; x_wconf 91' lang='lat' dir='ltr'>subacutiusculum),</span> <span class='ocrx_word' id='word_1_237' title='bbox 854 2269 1048 2312; x_wconf 88' lang='lat' dir='ltr'>dentata</span> <span class='ocrx_word' id='word_1_238' title='bbox 1065 2295 1125 2300; x_wconf 86' lang='lat'>—-</span> <span class='ocrx_word' id='word_1_239' title='bbox 1141 2269 1441 2320; x_wconf 79' lang='lat' dir='ltr'>denticulata,</span> <span class='ocrx_word' id='word_1_240' title='bbox 1473 2268 1692 2312; x_wconf 83' lang='lat' dir='ltr'>dentibus</span> <span class='ocrx_word' id='word_1_241' title='bbox 1735 2278 1773 2319; x_wconf 75' lang='lat' dir='ltr'>ss</span> 
     </span>
     <span class='ocr_line' id='line_1_33' title="bbox 158 2334 1780 2393; baseline 0.002 -18"><span class='ocrx_word' id='word_1_242' title='bbox 158 2336 360 2385; x_wconf 90' lang='lat' dir='ltr'>remotis,</span> <span class='ocrx_word' id='word_1_243' title='bbox 390 2335 764 2391; x_wconf 86' lang='lat' dir='ltr'>triangularibus,</span> <span class='ocrx_word' id='word_1_244' title='bbox 793 2334 1144 2391; x_wconf 86' lang='lat' dir='ltr'>nonnumquam</span> <span class='ocrx_word' id='word_1_245' title='bbox 1171 2338 1342 2393; x_wconf 88' lang='lat' dir='ltr'>partim</span> <span class='ocrx_word' id='word_1_246' title='bbox 1369 2335 1780 2392; x_wconf 74' lang='lat' dir='ltr'>subunguiculatis,</span> 
     </span>
     <span class='ocr_line' id='line_1_34' title="bbox 158 2402 1780 2460; baseline 0.001 -16"><span class='ocrx_word' id='word_1_247' title='bbox 158 2402 402 2445; x_wconf 87' lang='lat' dir='ltr'>denticulis</span> <span class='ocrx_word' id='word_1_248' title='bbox 449 2403 896 2455; x_wconf 69' lang='lat' dir='ltr'>mucronjformibus,</span> <span class='ocrx_word' id='word_1_249' title='bbox 944 2404 1213 2460; x_wconf 88' lang='lat' dir='ltr'>patentibus</span> <span class='ocrx_word' id='word_1_250' title='bbox 1230 2430 1291 2435; x_wconf 89' lang='lat'>—-</span> <span class='ocrx_word' id='word_1_251' title='bbox 1305 2405 1636 2460; x_wconf 80' lang='lat' dir='ltr'>patentissimis</span> <span class='ocrx_word' id='word_1_252' title='bbox 1681 2417 1780 2446; x_wconf 90' lang='lat' dir='ltr'>mu-</span> 
     </span>
     <span class='ocr_line' id='line_1_35' title="bbox 159 2471 1837 2538; baseline 0.002 -27"><span class='ocrx_word' id='word_1_253' title='bbox 159 2471 272 2520; x_wconf 87' lang='lat' dir='ltr'>nita,</span> <span class='ocrx_word' id='word_1_254' title='bbox 323 2484 354 2526; x_wconf 92' lang='lat' dir='ltr'>p</span> <span class='ocrx_word' id='word_1_255' title='bbox 369 2484 396 2512; x_wconf 85' lang='lat' dir='ltr'>a</span> <span class='ocrx_word' id='word_1_256' title='bbox 409 2485 432 2512; x_wconf 91' lang='lat' dir='ltr'>r</span> <span class='ocrx_word' id='word_1_257' title='bbox 444 2485 467 2512; x_wconf 91' lang='lat' dir='ltr'>c</span> <span class='ocrx_word' id='word_1_258' title='bbox 481 2485 505 2513; x_wconf 91' lang='lat' dir='ltr'>e</span> <span class='ocrx_word' id='word_1_259' title='bbox 553 2471 681 2526; x_wconf 89' lang='lat' dir='ltr'>pilo</span> <span class='ocrx_word' id='word_1_260' title='bbox 694 2486 715 2513; x_wconf 91' lang='lat' dir='ltr'>s</span> <span class='ocrx_word' id='word_1_261' title='bbox 729 2486 769 2522; x_wconf 88' lang='lat' dir='ltr'>a,</span> <span class='ocrx_word' id='word_1_262' title='bbox 819 2473 868 2514; x_wconf 89' lang='lat' dir='ltr'>in</span> <span class='ocrx_word' id='word_1_263' title='bbox 917 2471 1200 2527; x_wconf 87' lang='lat' dir='ltr'>marginibus</span> <span class='ocrx_word' id='word_1_264' title='bbox 1247 2471 1521 2527; x_wconf 87' lang='lat' dir='ltr'>petiolisque</span> <span class='ocrx_word' id='word_1_265' title='bbox 1564 2471 1779 2514; x_wconf 82' lang='lat' dir='ltr'>crebrius.</span> <span class='ocrx_word' id='word_1_266' title='bbox 1835 2525 1837 2538; x_wconf 35' lang='grc' dir='ltr'>ί</span> 
     </span>
     <span class='ocr_line' id='line_1_36' title="bbox 159 2537 1837 2595; baseline 0.004 -18"><span class='ocrx_word' id='word_1_267' title='bbox 159 2537 340 2579; x_wconf 90' lang='lat' dir='ltr'>Folium</span> <span class='ocrx_word' id='word_1_268' title='bbox 371 2538 606 2580; x_wconf 90' lang='lat' dir='ltr'>caulinum</span> <span class='ocrx_word' id='word_1_269' title='bbox 635 2549 673 2589; x_wconf 71' lang='lat' dir='ltr'>ss</span> <span class='ocrx_word' id='word_1_270' title='bbox 699 2553 911 2594; x_wconf 87' lang='lat' dir='ltr'>parvum,</span> <span class='ocrx_word' id='word_1_271' title='bbox 943 2540 1024 2581; x_wconf 91' lang='lat' dir='ltr'>sed</span> <span class='ocrx_word' id='word_1_272' title='bbox 1054 2539 1191 2595; x_wconf 90' lang='lat' dir='ltr'>plane</span> <span class='ocrx_word' id='word_1_273' title='bbox 1214 2538 1505 2595; x_wconf 86' lang='lat' dir='ltr'>petiolatum,</span> <span class='ocrx_word' id='word_1_274' title='bbox 1527 2544 1665 2582; x_wconf 84' lang='lat' dir='ltr'>ovate</span> <span class='ocrx_word' id='word_1_275' title='bbox 1683 2538 1781 2581; x_wconf 85' lang='lat' dir='ltr'>lan·</span> <span class='ocrx_word' id='word_1_276' title='bbox 1834 2552 1837 2584; x_wconf 88' lang='grc' dir='ltr'><strong>ῑ</strong></span> 
     </span>
     <span class='ocr_line' id='line_1_37' title="bbox 159 2602 1837 2662; baseline 0.002 -16"><span class='ocrx_word' id='word_1_277' title='bbox 159 2603 389 2647; x_wconf 87' lang='lat' dir='ltr'>ceolatum</span> <span class='ocrx_word' id='word_1_278' title='bbox 407 2631 467 2636; x_wconf 79' lang='lat'>—-</span> <span class='ocrx_word' id='word_1_279' title='bbox 481 2605 576 2648; x_wconf 87' lang='lat' dir='ltr'>late</span> <span class='ocrx_word' id='word_1_280' title='bbox 607 2606 931 2657; x_wconf 88' lang='lat' dir='ltr'>lanceolatum,</span> <span class='ocrx_word' id='word_1_281' title='bbox 965 2621 987 2649; x_wconf 94' lang='lat' dir='ltr'>s</span> <span class='ocrx_word' id='word_1_282' title='bbox 999 2621 1030 2648; x_wconf 95' lang='lat' dir='ltr'>u</span> <span class='ocrx_word' id='word_1_283' title='bbox 1043 2621 1074 2662; x_wconf 90' lang='lat' dir='ltr'>p</span> <span class='ocrx_word' id='word_1_284' title='bbox 1086 2621 1109 2649; x_wconf 88' lang='lat' dir='ltr'>r</span> <span class='ocrx_word' id='word_1_285' title='bbox 1121 2621 1150 2649; x_wconf 90' lang='lat' dir='ltr'>a</span> <span class='ocrx_word' id='word_1_286' title='bbox 1192 2621 1213 2649; x_wconf 95' lang='grc'><strong>5</strong></span> <span class='ocrx_word' id='word_1_287' title='bbox 1226 2621 1257 2648; x_wconf 83' lang='grc'>11</span> <span class='ocrx_word' id='word_1_288' title='bbox 1270 2607 1300 2648; x_wconf 95' lang='lat' dir='ltr'>b</span> <span class='ocrx_word' id='word_1_289' title='bbox 1313 2621 1342 2662; x_wconf 89' lang='lat' dir='ltr'>g</span> <span class='ocrx_word' id='word_1_290' title='bbox 1354 2606 1371 2648; x_wconf 94' lang='lat'>1</span> <span class='ocrx_word' id='word_1_291' title='bbox 1383 2621 1411 2649; x_wconf 89' lang='lat' dir='ltr'>a</span> <span class='ocrx_word' id='word_1_292' title='bbox 1423 2607 1454 2649; x_wconf 93' lang='lat' dir='ltr'>b</span> <span class='ocrx_word' id='word_1_293' title='bbox 1468 2621 1491 2649; x_wconf 82' lang='lat'>1·</span> <span class='ocrx_word' id='word_1_294' title='bbox 1503 2620 1536 2649; x_wconf 86' lang='lat' dir='ltr'>u</span> <span class='ocrx_word' id='word_1_295' title='bbox 1547 2620 1609 2657; x_wconf 88' lang='lat' dir='ltr'>m,</span> <span class='ocrx_word' id='word_1_296' title='bbox 1652 2620 1674 2649; x_wconf 89' lang='grc'><strong>5</strong></span> <span class='ocrx_word' id='word_1_297' title='bbox 1686 2619 1719 2648; x_wconf 92' lang='lat' dir='ltr'>u</span> <span class='ocrx_word' id='word_1_298' title='bbox 1730 2605 1781 2648; x_wconf 88' lang='lat' dir='ltr'>b·</span> <span class='ocrx_word' id='word_1_299' title='bbox 1829 2602 1837 2656; x_wconf 79' lang='grc'>,’</span> 
     </span>
     <span class='ocr_line' id='line_1_38' title="bbox 159 2667 1837 2730; baseline 0.002 -17"><span class='ocrx_word' id='word_1_300' title='bbox 159 2678 258 2714; x_wconf 85' lang='lat' dir='ltr'>tus</span> <span class='ocrx_word' id='word_1_301' title='bbox 307 2673 578 2728; x_wconf 88' lang='lat' dir='ltr'>margine</span> <span class='ocrx_word' id='word_1_302' title='bbox 594 2687 705 2728; x_wconf 91' lang='lat' dir='ltr'>que</span> <span class='ocrx_word' id='word_1_303' title='bbox 754 2674 1087 2717; x_wconf 87' lang='lat' dir='ltr'>subtiliter</span> <span class='ocrx_word' id='word_1_304' title='bbox 1134 2679 1195 2717; x_wconf 87' lang='lat' dir='ltr'>et</span> <span class='ocrx_word' id='word_1_305' title='bbox 1237 2674 1447 2717; x_wconf 88' lang='lat' dir='ltr'>crebre</span> <span class='ocrx_word' id='word_1_306' title='bbox 1499 2673 1779 2730; x_wconf 87' lang='lat' dir='ltr'>pilosum,</span> <span class='ocrx_word' id='word_1_307' title='bbox 1831 2667 1837 2716; x_wconf 74' lang='lat'>⁷.&#39;</span> 
     </span>
     <span class='ocr_line' id='line_1_39' title="bbox 158 2740 1782 2797; baseline 0.003 -18"><span class='ocrx_word' id='word_1_308' title='bbox 158 2740 385 2794; x_wconf 85' lang='lat' dir='ltr'>imprimis</span> <span class='ocrx_word' id='word_1_309' title='bbox 414 2741 464 2781; x_wconf 91' lang='lat' dir='ltr'>in</span> <span class='ocrx_word' id='word_1_310' title='bbox 495 2746 625 2783; x_wconf 90' lang='lat' dir='ltr'>costa</span> <span class='ocrx_word' id='word_1_311' title='bbox 660 2741 765 2796; x_wconf 89' lang='lat' dir='ltr'>pilis</span> <span class='ocrx_word' id='word_1_312' title='bbox 802 2742 985 2793; x_wconf 87' lang='lat' dir='ltr'>crebris,</span> <span class='ocrx_word' id='word_1_313' title='bbox 1021 2741 1183 2797; x_wconf 88' lang='lat' dir='ltr'>longis,</span> <span class='ocrx_word' id='word_1_314' title='bbox 1214 2742 1474 2797; x_wconf 85' lang='lat' dir='ltr'>gracilibus.</span> <span class='ocrx_word' id='word_1_315' title='bbox 1546 2741 1782 2784; x_wconf 77' lang='lat' dir='ltr'>Involucra</span> 
     </span>
     <span class='ocr_line' id='line_1_40' title="bbox 161 2808 1782 2864; baseline 0.002 -18"><span class='ocrx_word' id='word_1_316' title='bbox 161 2820 206 2846; x_wconf 89' lang='lat' dir='ltr'>m</span> <span class='ocrx_word' id='word_1_317' title='bbox 221 2820 248 2847; x_wconf 89' lang='lat' dir='ltr'>a</span> <span class='ocrx_word' id='word_1_318' title='bbox 261 2821 289 2861; x_wconf 92' lang='lat' dir='ltr'>g</span> <span class='ocrx_word' id='word_1_319' title='bbox 302 2821 333 2847; x_wconf 94' lang='lat' dir='ltr'>n</span> <span class='ocrx_word' id='word_1_320' title='bbox 346 2821 374 2848; x_wconf 90' lang='lat' dir='ltr'>a</span> <span class='ocrx_word' id='word_1_321' title='bbox 406 2813 453 2849; x_wconf 94' lang='lat' dir='ltr'>et</span> <span class='ocrx_word' id='word_1_322' title='bbox 484 2808 693 2858; x_wconf 90' lang='lat' dir='ltr'>obscura,</span> <span class='ocrx_word' id='word_1_323' title='bbox 724 2810 995 2864; x_wconf 86' lang='lat' dir='ltr'>primarium</span> <span class='ocrx_word' id='word_1_324' title='bbox 1030 2812 1278 2860; x_wconf 83' lang='lat'>15,5—16,5</span> <span class='ocrx_word' id='word_1_325' title='bbox 1309 2823 1405 2851; x_wconf 92' lang='lat' dir='ltr'>mm</span> <span class='ocrx_word' id='word_1_326' title='bbox 1436 2809 1598 2860; x_wconf 90' lang='lat' dir='ltr'>altum,</span> <span class='ocrx_word' id='word_1_327' title='bbox 1632 2808 1782 2864; x_wconf 88' lang='lat' dir='ltr'>pilis</span> 
     </span>
     <span class='ocr_line' id='line_1_41' title="bbox 160 2875 1782 2933; baseline 0.002 -19"><span class='ocrx_word' id='word_1_328' title='bbox 160 2887 222 2933; x_wconf 61' lang='lat' dir='ltr'>sa</span> <span class='ocrx_word' id='word_1_329' title='bbox 236 2879 253 2916; x_wconf 89' lang='lat' dir='ltr'>t</span> <span class='ocrx_word' id='word_1_330' title='bbox 300 2888 320 2916; x_wconf 90' lang='lat' dir='ltr'>s</span> <span class='ocrx_word' id='word_1_331' title='bbox 334 2888 364 2929; x_wconf 90' lang='lat' dir='ltr'>p</span> <span class='ocrx_word' id='word_1_332' title='bbox 379 2888 406 2915; x_wconf 88' lang='lat' dir='ltr'>a</span> <span class='ocrx_word' id='word_1_333' title='bbox 418 2889 440 2916; x_wconf 90' lang='lat' dir='ltr'>r</span> <span class='ocrx_word' id='word_1_334' title='bbox 453 2875 502 2916; x_wconf 92' lang='lat' dir='ltr'>si</span> <span class='ocrx_word' id='word_1_335' title='bbox 517 2889 537 2916; x_wconf 93' lang='grc'><strong>5</strong></span> <span class='ocrx_word' id='word_1_336' title='bbox 556 2901 616 2906; x_wconf 85' lang='grc'><strong>-</strong></span> <span class='ocrx_word' id='word_1_337' title='bbox 633 2876 922 2919; x_wconf 84' lang='lat' dir='ltr'>mediocriter</span> <span class='ocrx_word' id='word_1_338' title='bbox 951 2878 1219 2927; x_wconf 89' lang='lat' dir='ltr'>numerosis,</span> <span class='ocrx_word' id='word_1_339' title='bbox 1256 2876 1417 2932; x_wconf 86' lang='lat' dir='ltr'>longis,</span> <span class='ocrx_word' id='word_1_340' title='bbox 1452 2876 1508 2919; x_wconf 81' lang='lat' dir='ltr'>fe</span> <span class='ocrx_word' id='word_1_341' title='bbox 1521 2891 1543 2918; x_wconf 90' lang='lat' dir='ltr'>r</span> <span class='ocrx_word' id='word_1_342' title='bbox 1554 2891 1580 2919; x_wconf 92' lang='lat' dir='ltr'>e</span> <span class='ocrx_word' id='word_1_343' title='bbox 1621 2882 1644 2919; x_wconf 87' lang='lat' dir='ltr'>t</span> <span class='ocrx_word' id='word_1_344' title='bbox 1657 2889 1686 2918; x_wconf 93' lang='lat' dir='ltr'>o</span> <span class='ocrx_word' id='word_1_345' title='bbox 1697 2876 1747 2919; x_wconf 91' lang='lat' dir='ltr'>ti</span> <span class='ocrx_word' id='word_1_346' title='bbox 1759 2890 1782 2918; x_wconf 89' lang='grc'><strong>5</strong></span> 
     </span>
    </p>
   </div>
  </div>
 </body>
</html>
