1840 3170
150 71 202 107 42
429 78 583 106 Amssv
615 69 707 107 roa
737 77 967 109 ΒοΤΑΝιΚ.
1025 77 1160 106 BAND
1191 66 1254 108 17.
1315 77 1396 108 NtO
1430 66 1496 109 17.

150 181 972 237 triangularibus—falcatis
1021 182 1117 224 vel
1166 183 1610 238 unguiculatis,
1674 198 1764 239 pa-

151 250 1403 305 tentibus—patentissimis—procurvis,
1447 251 1765 293 intermar-

147 317 356 367 ginibu
373 331 393 357 s
421 326 457 365 ss
483 316 681 370 longis
728 316 801 358 vel
830 318 1063 359 interdum
1097 318 1268 372 partim
1304 318 1601 368 brevioribus,
1631 332 1765 374 saepe

149 384 283 425 valde
318 384 481 437 longis;
517 384 628 424 folia
663 385 817 425 omnia
849 385 1024 439 apicem
1060 399 1216 426 versus
1243 386 1548 439 integerrima.
1601 385 1765 428 Petioli

148 451 360 492 foliorum
410 450 681 492 rosularium
735 452 1004 493 interiorum
1054 466 1188 507 saepe
1236 452 1292 493 la
1305 457 1326 494 t
1338 453 1353 493 i
1367 467 1387 494 s
1401 453 1448 494 si
1462 467 1507 494 m
1521 467 1544 494 e
1593 453 1649 494 al
1662 467 1689 494 a
1700 458 1722 495 t
1734 455 1764 502 i,

148 519 321 571 quasi
382 519 920 560 continuationem
980 519 1244 562 laminae
1300 520 1659 571 formantes,
1718 527 1765 562 et

147 585 439 627 dentibus
484 587 780 640 angustis,
827 588 1032 629 acutis
1075 586 1335 629 falcatis
1373 588 1610 630 muniti.
1679 588 1764 629 Fo-

148 653 206 693 lia
229 652 408 694 caulina
433 657 559 702 3—4‚
586 667 780 707 quorum
809 657 918 694 1—2
939 653 1101 695 infima
1129 664 1166 703 ss
1191 654 1391 705 evoluta,
1418 655 1510 697 duo
1533 656 1766 710 superiora

147 720 219 761 vel
249 734 460 775 suprema
490 730 527 770 ss
554 720 909 771 bracteiformia,
942 722 1154 764 bracteae
1178 736 1416 777 supremae
1439 722 1500 763 ad
1534 722 1665 764 basin
1698 723 1764 763 in-

146 787 320 828 volucri
366 788 481 830 sitae
526 793 575 831 et
618 788 974 831 indeterminate
1019 790 1067 831 in
1114 803 1329 844 squamas
1378 790 1624 832 exteriores
1667 790 1765 844 ejus

146 860 450 897 transeuntes.
501 855 744 898 Interdum
776 871 833 898 ex
864 857 958 898 ima
981 862 1113 912 parte
1137 857 1278 899 caulis
1303 858 1449 900 oritur
1467 857 1630 899 folium
1650 857 1766 899 bene

144 922 398 972 evolutum,
442 923 535 965 fere
578 924 738 966 eadem
780 923 930 966 forma
971 929 1018 967 et
1061 924 1220 967 eodem
1264 925 1401 967 modo
1432 925 1676 968 dentatum
1711 930 1765 967 ut

145 990 346 1032 rosulare
379 991 614 1041 intimum;
655 992 861 1047 superius
899 991 1061 1034 folium
1101 992 1249 1035 multo
1285 993 1449 1044 minus,
1487 997 1680 1048 anguste
1714 992 1765 1033 li-

146 1057 599 1100 neari-lanceolatum
619 1063 667 1101 et
687 1059 1133 1114 subintegerrimum,
1156 1074 1294 1115 supra
1317 1059 1432 1102 illud.
1453 1059 1545 1102 duo
1574 1069 1611 1110 ss
1637 1060 1765 1101 brac-

145 1124 388 1167 teiformia.
444 1126 574 1167 Folia
599 1125 780 1168 caulina
804 1140 887 1182 pro
913 1128 1231 1182 magnitudine
1254 1127 1469 1170 foliorum
1493 1127 1765 1170 rosularium

144 1191 413 1248 plerumque
447 1207 593 1249 parva
623 1199 746 1244 sunt,
778 1194 1060 1250 depetiolata
1089 1194 1164 1237 vel
1192 1195 1393 1238 breviter
1421 1200 1469 1238 et
1498 1195 1660 1238 alatim
1688 1209 1764 1250 pe-

144 1259 311 1302 tiolata
357 1265 404 1303 et
446 1261 693 1316 paulum
736 1262 1201 1318 amplectentia.
1287 1263 1572 1306 Involucrum
1619 1277 1764 1318 mag-

144 1341 293 1378 num,
333 1331 421 1378 14,5
438 1354 497 1359 —
516 1332 567 1370 16
598 1343 693 1371 mm
724 1329 886 1380 altum,
918 1330 1022 1385 pilis
1052 1330 1153 1373 basi
1182 1331 1312 1385 nigra
1342 1331 1470 1386 apice
1497 1336 1766 1373 canescente

142 1400 191 1437 et
236 1409 256 1437 s
270 1410 297 1436 a
310 1401 331 1438 t
386 1396 416 1437 b
430 1410 451 1437 r
465 1397 560 1438 evi
577 1423 636 1428 ——
654 1411 699 1438 m
714 1412 737 1440 e
752 1398 849 1440 dio
863 1412 885 1439 c
899 1399 961 1448 ri,
1019 1398 1276 1453 subsparsis
1306 1424 1366 1429 —
1393 1399 1570 1446 modice
1612 1398 1764 1441 densis

142 1462 462 1518 glandulisque
497 1465 679 1519 sparsis,
716 1465 932 1508 brevibus
950 1466 1345 1516 ——mediocribus,
1379 1466 1581 1509 obscuris
1611 1466 1764 1509 obtec-

143 1535 260 1572 tum.
321 1523 549 1585 Squamae
584 1532 809 1575 involucri
838 1533 1061 1588 plurimae
1097 1534 1385 1576 mediocriter
1413 1533 1536 1577 latae
1553 1533 1763 1584 —,latae‚

143 1598 365 1641 subrectis
394 1599 524 1641 lineis
553 1600 602 1641 in
631 1601 808 1655 apicem
833 1611 870 1651 ᾗ
892 1601 1111 1644 obtusum
1135 1607 1182 1644 et
1206 1601 1369 1644 leviter
1390 1607 1626 1645 comatum
1647 1606 1763 1644 atte-
1819 1633 1823 1657 4

144 1671 328 1716 nuatae,
356 1667 603 1710 nonnullae
628 1668 820 1711 intimae
847 1669 1132 1724 angustiores
1159 1675 1206 1712 et
1233 1675 1411 1720 acutae,
1439 1669 1664 1725 plurimae
1685 1669 1764 1712 ob·
1816 1688 1817 1692 ¹

143 1747 273 1776 scure
318 1734 668 1778 fusco-virentes
716 1736 791 1778 vel
842 1737 1179 1787 atro-virentes,
1232 1737 1480 1780 nonnullae
1526 1737 1765 1780 interiores
1815 1752 1818 1758 ⁴

144 1801 283 1855 paulo
304 1802 541 1845 dilutiores
560 1803 635 1845 vel
655 1803 846 1846 dilutius
865 1804 1101 1855 limbatae‚
1120 1805 1368 1847 nonnullae
1388 1806 1517 1861 apice
1537 1805 1765 1847 levissime

142 1868 458 1913 violascentes.
504 1871 689 1924 Liqulae
721 1871 1009 1914 mediocriter
1037 1886 1244 1927 magnae,
1277 1887 1423 1928 usque
1455 1876 1479 1915 3
1511 1886 1606 1914 mm
1625 1872 1763 1923 latae,

142 1936 480 1988 subvitellinae,
524 1953 544 1980 s
558 1953 589 1980 u
602 1939 632 1980 b
645 1939 700 1994 gl
714 1953 741 1980 a
754 1939 783 1980 b
797 1954 819 1981 r
832 1954 859 1981 a
873 1955 911 1989 e,
954 1941 1083 1995 apice
1112 1941 1377 1995 parcissime
1409 1941 1484 1984 vel
1517 1954 1611 1983 non
1641 1940 1764 1982 cilia-

145 2008 233 2045 tae.
298 2005 416 2060 Styli
447 2006 654 2048 brunnei.

261 2072 298 2114 T
310 2087 332 2114 r
346 2087 373 2114 a
386 2087 416 2114 n
430 2088 451 2115 s
463 2078 484 2116 t
498 2088 520 2115 r
533 2088 560 2115 a
573 2088 605 2115 n
618 2073 670 2116 d:
704 2074 978 2129 Hemfjallet
1007 2076 1023 2117 i
1051 2089 1142 2131 reg.
1176 2075 1267 2131 alp.
1306 2078 1386 2132 (²1s⁷
1422 2079 1569 2131 1913).

261 2140 363 2182 Den
397 2141 546 2192 enkla,
578 2141 919 2197 enblomstriga,
948 2143 1118 2198 upptill
1147 2145 1290 2198 nagot
1321 2144 1519 2200 vidgade
1548 2143 1762 2199 stjalken,
1802 2142 1807 2161 ³

142 2206 200 2248 de
224 2212 349 2250 stora
370 2209 468 2251 inre
491 2209 791 2252 basalbladen
813 2210 920 2252 med
943 2210 1074 2253 deras
1098 2210 1197 2254 ofta
1221 2212 1407 2267 mycket
1423 2212 1549 2255 brett
1565 2212 1764 2267 vingade

143 2273 282 2325 skaft,
319 2276 375 2318 de
410 2281 548 2327 stora,
586 2291 646 2319 m.
681 2276 711 2319 l.
748 2291 808 2320 m.
852 2277 1003 2333 langa,
1039 2279 1323 2334 triangulara
1355 2279 1430 2322 till
1462 2279 1764 2334 skarformiga
1800 2279 1803 2291 ³

143 2342 370 2384 tanderna
395 2345 422 2385 a
445 2344 575 2386 saval
609 2344 886 2387 bladskivan
921 2360 1019 2388 som
1044 2346 1101 2389 de
1124 2347 1266 2389 breda
1291 2347 1489 2398 skaften,
1515 2347 1572 2390 de
1595 2351 1765 2390 nastan
1800 2391 1803 2394 ,

141 2408 292 2462 glatta
319 2410 554 2466 ligulerna‚
588 2412 645 2455 de
675 2413 836 2455 morka
866 2412 1029 2456 stiften
1063 2416 1229 2469 utgora
1259 2429 1355 2457 mer
1383 2415 1655 2471 utpraglade
1684 2415 1764 2457 ka-

142 2477 351 2520 raktarer
384 2479 467 2521 hos
501 2480 652 2521 denna
684 2480 818 2522 form.
887 2482 990 2524 Den
1023 2485 1075 2523 ar
1107 2485 1221 2524 nara
1254 2482 1377 2525 slakt
1411 2483 1517 2525 med
1548 2483 1610 2525 H.
1645 2483 1764 2525 veni-

142 2543 341 2596 jloreum,
369 2560 475 2588 men
500 2547 621 2589 skild
645 2562 809 2602 genom
835 2548 935 2591 ofta
961 2549 1147 2604 mycket
1173 2549 1378 2601 bredam,
1404 2550 1610 2593 tandade
1634 2549 1762 2592 blad-

141 2611 281 2662 skaft,
303 2613 319 2653 i
341 2612 593 2657 allm‘anhet
620 2617 763 2670 nagot
789 2615 945 2671 langre
973 2616 1168 2659 holkhar
1193 2618 1300 2660 med
1318 2617 1475 2673 langre
1496 2617 1762 2674 spetsdelar,

144 2679 352 2722 morkare
383 2681 484 2723 stift
516 2696 556 2724 o.
590 2696 624 2724 s.
657 2697 702 2724 v.

261 2770 318 2811 Η.
350 2771 659 2813 deltodontum
692 2786 737 2813 n.

261 2835 417 2879 Caulis
445 2839 623 2880 circiter
654 2842 708 2880 25
737 2854 810 2881 cm
840 2840 976 2892 altus,
1006 2841 1169 2884 leviter
1196 2842 1445 2893 flexuosus,
1476 2842 1764 2885 mediocriter

141 2915 334 2953 crassus,
387 2918 580 2959 superne
629 2908 768 2948 ramis
820 2911 845 2948 2
893 2907 1053 2963 longis,
1104 2910 1254 2960 rectis,
1306 2902 1760 2965 erecto-patentibus,
