1840 3170
187 129 239 158 M.
271 127 565 165 ELFS'PRAND,
598 127 832 157 ΗῙΕΒΑΟΙΑ
860 127 1036 158 ALPINA
1068 117 1195 157 mam
1226 128 1467 158 DALARNE.
1570 121 1620 156 15

22 234 159 283 natis,
199 233 370 288 partim
407 233 647 286 proversis,
694 233 862 287 partim
901 233 1165 287 patentibus
1195 258 1252 263 —
1280 233 1618 287 patentissimis,

23 301 193 356 partim
214 299 564 341 subretroversis
579 299 816 348 instructa,
834 300 1321 353 interma1·ginibusque
1335 300 1473 341 etiam
1489 298 1622 340 valde

23 365 353 420 inaequalibus,
388 376 424 415 ᾗ
453 366 658 415 sinuatis,
686 379 778 407 una
804 365 1005 407 alterave
1027 365 1442 414 subsemicirculari,
1466 366 1521 407 de
1541 367 1621 406 eis-

25 433 129 475 dem
172 433 233 474 H.
270 433 461 473 sim'orae
511 432 798 481 admonente,
851 433 929 473 sed
965 433 1218 481 minutiore,
1256 447 1335 474 nec
1373 432 1486 474 adeo
1520 446 1621 473 con-

13 498 173 541 scinna.
232 499 515 541 [molucrum
545 497 771 552 glandulis
802 499 938 553 paulo
970 499 1279 548 crebrioribus,
1313 513 1527 552 squamae
1552 506 1621 540 sat

26 565 238 620 aequales
257 565 448 607 lineares
469 571 515 607 et
536 565 900 619 angustiusculae
918 591 976 595 —
993 571 1064 607 sat
1084 565 1358 619 inaequales,
1381 567 1623 607 exteriores

27 633 402 676 submediocriter
430 632 566 681 latae,
599 631 889 681 sublineares,
922 633 1110 673 intimae
1141 638 1360 686 angustae
1381 639 1426 674 et
1448 638 1622 674 acutae.

142 700 331 741 Lima:
364 698 659 752 Hundfj'allet
689 699 705 738 i
734 711 824 752 reg.
858 698 947 752 alp.
987 700 1064 752 (²³s'7
1102 701 1245 751 1913).

0 819 1 861 ξ
142 812 199 852 Η.
229 813 518 862 platyterum.

0 866 2 956 ι
145 888 300 931 Caulis
337 890 505 928 12-18
539 901 610 928 cm
644 886 779 936 altus,
822 894 956 941 parce
993 886 1176 941 pilosus.
1247 887 1377 928 Folia
1408 886 1627 928 rosula-ria

29 956 173 1010 magis
197 953 408 1008 aequalia
434 967 573 1008 quam
597 954 646 994 in
670 953 730 994 H.
758 959 966 1007 syntomo,
994 954 1219 995 exteriora
1245 952 1555 995 ovato-ovalia
1571 978 1629 983 —

28 1020 416 1078 elliptico-ovalia,
447 1020 898 1069 rotundato-obtusa,
930 1021 1147 1061 interiora
1177 1019 1270 1061 late
1298 1018 1446 1061 ovalia
1463 1019 1629 1061 ——late

27 1087 298 1139 lanceolata,
321 1086 634 1130 obtusiuscula
650 1112 710 1116 —
726 1086 1008 1128 acutiuscula
1035 1087 1265 1139 (intimum
1287 1086 1517 1128 interdum
1532 1086 1627 1127 lan-

29 1155 295 1209 ceolatum),
326 1153 516 1210 paulum
546 1153 849 1208 inaequaliter
886 1154 992 1206 (non
1024 1153 1138 1195 adeo
1167 1159 1220 1195 ut
1250 1154 1297 1194 in
1327 1153 1386 1194 H.
1413 1156 1627 1207 syntomo)

30 1228 78 1266 et
106 1232 144 1272 ss
167 1227 301 1264 acute
319 1220 1178 1263 serrato-dentata—sinuoso-dentata
1195 1244 1253 1249 ——
1270 1218 1562 1268 denticulata,
1583 1226 1629 1260 et

31 1289 216 1344 quidem
248 1289 392 1343 magis
422 1288 633 1343 protinus
669 1287 844 1342 apicem
875 1300 1031 1328 versus
1064 1300 1201 1340 quam
1233 1286 1281 1327 in
1312 1286 1436 1327 dicta
1466 1285 1628 1327 forma.

31 1356 161 1399 Folia
183 1355 365 1398 caulina
390 1358 517 1405 2—4,
548 1357 656 1396 1-2
680 1353 841 1395 infima
869 1362 906 1402 ὲ
932 1354 1045 1395 bene
1074 1352 1258 1395 evoluta
1289 1352 1377 1405 (vel
1401 1352 1630 1394 interdum

32 1422 296 1467 subnullum
332 1423 448 1464 bene
485 1421 758 1474 evolutum),
802 1423 910 1461 1—2
948 1434 1157 1475 suprema
1198 1420 1513 1468 minutissima,
1553 1432 1630 1459 an-

31 1491 306 1546 gustissima,
350 1499 388 1540 ss
427 1488 779 1538 bracteiformia,
825 1488 978 1529 omnia
1020 1486 1329 1528 abundantius
1367 1484 1630 1540 microglan-

33 1556 208 1608 dulosa,
236 1557 316 1599 sed
351 1555 507 1598 floccis
545 1560 592 1597 et
628 1554 911 1610 leptotrichis
950 1554 1086 1595 modo
1119 1553 1377 1608 parcissime
1404 1552 1630 1607 adspersa.

30 1624 313 1667 Involucrum
353 1637 487 1678 saepe
530 1623 681 1664 minus
728 1635 866 1676 quam
907 1621 956 1662 in
996 1621 1056 1662 H.
1100 1625 1306 1673 syntomo,
1349 1632 1494 1673 neque
1534 1624 1632 1661 tam

33 1705 250 1741 crassum,
275 1693 444 1732 11—14
469 1703 563 1731 mm
588 1688 749 1731 altum.
800 1688 1026 1742 Squamae
1050 1686 1272 1728 involucri
1291 1684 1635 1739 subinaequales

34 1763 82 1801 et
126 1757 485 1807 subconcolores,
532 1754 900 1811 angustiusculae
916 1779 975 1785 -—
991 1753 1362 1796 submediocriter
1405 1751 1539 1801 latae,
1584 1750 1635 1792 li-

34 1839 206 1876 neares,
243 1824 468 1880 plurimae
505 1823 710 1873 obtusae,
748 1835 842 1863 una
878 1820 1082 1863 alterave
1117 1821 1282 1862 intima
1318 1819 1636 1873 angustissima

35 1897 83 1935 et
113 1897 264 1934 acuta.
326 1890 514 1946 Ligulae
544 1889 742 1939 latiores,
776 1889 903 1944 apice
933 1887 1126 1930 ciliatae.
1188 1885 1306 1942 Styli
1335 1885 1461 1927 lutei.

151 1959 314 2002 Idre:
355 1956 622 2012 Fjatervala
655 1957 671 1998 i
705 1969 796 2011 reg.
833 1954 924 2010 alp.
968 1956 1031 2009 ((Ἰεἰ
1070 1956 1214 2007 1912).
1263 1978 1321 1983 -
1366 1952 1439 1994 En
1472 1954 1639 1993 nastan

34 2025 236 2069 identisk
266 2025 386 2067 form
420 2024 525 2066 med
557 2024 657 2066 icke
694 2022 801 2065 fullt
834 2024 886 2064 sa
915 2021 1173 2075 likformiga
1204 2018 1411 2074 langfjall
1444 2019 1526 2060 har
1558 2018 1638 2060 SA-

36 2104 289 2136 MUELSSON
314 2092 433 2147 tagit
457 2093 520 2147 pa
544 2089 788 2145 Narfjallet
811 2090 827 2131 i
851 2088 1132 2131 Transtrand
1163 2086 1339 2140 (endast
1369 2089 1387 2126 1
1415 2087 1523 2138 ex.).

154 2217 211 2258 11.
240 2219 494 2258 acroterum
525 2228 570 2256 n.

153 2293 227 2337 Ab
275 2293 337 2336 H.
383 2292 596 2348 platytero
644 2290 942 2345 sequentibus
990 2289 1111 2331 notis
1161 2287 1405 2329 diversum.
1486 2284 1642 2327 Caulis

38 2375 173 2417 saepe
202 2361 353 2403 minus
389 2359 582 2415 gracilis,
620 2369 967 2412 nonnumquam
1001 2353 1334 2403 crassiusculus,
1372 2353 1539 2393 15—22
1569 2364 1640 2393 cm

38 2426 175 2479 altus,
193 2429 342 2470 minus
358 2426 544 2482 pilosus.
591 2425 722 2468 Folia
736 2423 957 2467 rosularia
973 2421 1122 2464 media
1138 2420 1338 2475 elliptica
1354 2443 1412 2449 ——
1428 2417 1642 2472 oblongo-

38 2494 241 2551 elliptica
279 2495 344 2548 (in
376 2494 438 2536 H.
469 2493 682 2549 platytero
716 2491 904 2544 ovalia),
939 2488 1120 2532 caulina
1154 2487 1386 2543 pilosiora3
1422 2485 1550 2527 nervi
1577 2498 1642 2526 se-

39 2561 248 2605 cundarii
275 2561 491 2604 foliorum
520 2561 664 2616 magis
692 2559 937 2614 conspicui.
993 2555 1275 2598 [molucrum
1303 2553 1508 2601 crassius,
1536 2553 1646 2592 13—-

45 2632 98 2671 15
118 2643 213 2671 mm
235 2628 398 2679 altum,
418 2627 585 2684 ligulae
610 2640 774 2683 parum
801 2624 1096 2672 obscuriores,
1119 2621 1227 2676 styli
1248 2619 1459 2669 sublutei,
1481 2631 1643 2674 parum

40 2697 330 2740 virescentes.

158 2763 318 2806 Idre:
351 2762 680 2817 Ulandshogen
710 2762 724 2802 i
754 2774 844 2814 reg.
877 2758 967 2813 alp.
1006 2758 1087 2813 (³¹s7
1124 2758 1269 2808 1906).

162 2834 294 2884 Ᾰνθῐι
325 2840 397 2884 till
429 2840 619 2882 bladens
651 2838 878 2891 tandning
911 2837 1320 2877 overensstammer
1352 2831 1501 2873 denna
1529 2829 1645 2871 form

40 2909 58 2952 i
88 2909 209 2965 regel
241 2914 359 2951 mest
391 2908 496 2950 med
528 2907 589 2949 H.
620 2906 898 2961 platycerum,
934 2916 1038 2945 men
1070 2903 1219 2956 nagon
1251 2901 1370 2954 gang
1400 2897 1548 2939 liknar
1580 2902 1648 2938 ett
