1840 3170
212 108 264 137 M.
297 107 593 146 ELFsrRAND,
624 108 856 138 HIERAOIA
885 109 1060 139 ALPmA
1089 100 1215 140 ΕΒᾹΝ
1246 110 1486 141 DALARNE.
1591 104 1643 141 55

46 219 158 263 tae,
207 212 430 268 plurimae
476 212 602 266 apice
647 211 785 266 paulo
820 213 1110 264 obscuriores,
1146 214 1369 257 levissime
1398 215 1642 257 violascen-

47 286 130 330 tes,
161 288 199 328 ss
221 283 520 333 angustae
559 283 616 320 et
645 288 682 327 ss
709 285 939 329 acutae,
970 280 1213 323 nonnullae
1243 282 1485 323 exteriores
1511 282 1642 324 obtu-

48 361 137 396 sae,
162 345 313 400 plures
336 346 571 387 interiores
597 344 849 387 subulatae.
884 346 1066 399 Liqulcze
1090 361 1284 397 croceae,
1302 362 1484 403 parvae,
1502 362 1643 402 usque

0 433 2 446 ι
50 417 114 464 2,5
136 425 230 454 mm
252 411 388 461 latae,
413 412 539 466 apice
563 411 755 453 ciliatae.
811 412 927 466 Styli
950 412 1074 454 lutei.

167 472 494 521 Alvdalen:
538 478 853 532 Nuppvarden
890 480 967 532 (¹³7⁷
1004 482 1110 520 1912
1144 480 1195 522 Ο.
1228 481 1586 533 VESTERLUND).

0 587 2 600 ἱ
163 546 289 587 Mera
312 545 617 587 utmarkande
639 545 906 586 karaktarer
930 549 1023 587 aro:
1051 546 1138 588 den
1160 547 1314 601 rikligt
1339 547 1509 601 hariga,
1532 561 1644 602 upp-

48 613 120 656 till
147 612 450 666 stjarnludna,
482 611 624 653 oftast
653 611 919 665 flerbladiga
954 613 1164 665 stjfflken,
1202 613 1257 655 de
1292 613 1433 655 oftast
1462 613 1642 662 talrika,

49 679 251 735 spadlikt
286 678 496 733 tunglika
531 677 603 720 till
638 677 825 732 avlangt
861 678 1081 732 tunglika,
1118 680 1449 734 rundtrubbiga
1484 685 1644 722 rosett-

50 746 230 796 bladen,
272 745 328 787 de
367 747 514 800 uppat
554 745 726 799 hastigt
765 745 780 785 i
820 744 988 787 storlek
1028 746 1284 800 avtagande
1324 746 1644 799 stj'alkbladen,

51 813 240 855 holkens
263 812 382 866 ljusa
409 812 494 854 och
518 811 681 866 rikliga
707 811 1062 861 harbekl'adnad,
1091 813 1146 853 de
1173 812 1315 853 smala
1341 814 1424 854 och
1451 814 1647 867 spetsiga

51 879 332 934 holkfjallen,
377 879 433 920 de
476 878 574 920 osta
619 878 802 933 mycket
844 878 954 931 ljust
997 879 1197 921 kantade
1238 880 1333 920 inre
1374 879 1545 932 {jallem
1591 880 1646 920 de

51 946 157 1001 gula
190 946 351 988 stiften
384 951 505 987 samt
539 948 766 986 narvaron
789 959 847 986 av
866 945 1017 986 finhar
1056 946 1139 987 och
1173 946 1402 998 stj'arnhar
1437 948 1464 986 a
1489 945 1646 999 stjalk-

52 1013 232 1063 bladen,
259 1014 276 1054 i
303 1013 550 1068 synnerhet
576 1013 592 1052 i
619 1012 856 1054 kanterna.
886 1037 944 1042 ——
970 1012 1073 1053 Star
1103 1012 1320 1066 tamligen
1346 1016 1457 1053 nara
1484 1013 1543 1053 H.
1572 1012 1647 1053 ad-

52 1094 251 1135 spersum
281 1080 480 1128 NORRL.,
515 1079 632 1120 dock
663 1078 741 1120 val
771 1078 889 1120 skild
919 1078 1022 1119 fran
1052 1079 1328 1121 densamma.

168 1204 226 1244 Η.
263 1203 541 1244 astraferens
572 1215 616 1243 n.

171 1279 326 1322 Gaulis
364 1282 533 1321 27—33
570 1293 643 1320 cm
679 1279 814 1328 altus,
850 1279 1084 1320 subrectus
1114 1278 1187 1321 vel
1216 1279 1375 1320 leviter
1404 1278 1647 1326 flexuosus,

54 1361 85 1402 p
98 1346 153 1389 ol
165 1361 197 1403 y
209 1361 240 1402 p
258 1347 289 1388 h
300 1361 332 1402 y
343 1346 387 1387 11
399 1361 429 1388 u
443 1361 478 1396 s,
511 1346 796 1388 mediocriter
822 1360 995 1387 crassus
1015 1346 1088 1387 Vel
1107 1345 1437 1394 crassiuscuffls,
1460 1358 1649 1399 superne

54 1414 215 1456 leviter
257 1413 493 1463 dilatatus,
538 1413 743 1468 simpleX,
791 1412 1154 1467 monocephalus‚
1199 1412 1484 1454 subhirsutus
1533 1410 1650 1465 (pilis

55 1486 127 1523 sat
156 1480 311 1536 rigidis
339 1494 483 1534 usque
514 1480 574 1521 ad
605 1483 629 1521 3
660 1494 754 1521 mm
788 1479 968 1534 longis),
1007 1479 1227 1528 stellatus,
1258 1492 1447 1533 superne
1476 1483 1650 1520 tomen-

55 1547 204 1597 t-ellus,
241 1547 466 1602 glandulis
501 1548 667 1602 sparsis
703 1547 929 1596 brevibus,
967 1560 1156 1601 superne
1192 1546 1474 1587 mediocriter
1508 1544 1651 1598 longis

55 1620 103 1657 et
132 1628 297 1670 parum
328 1615 611 1656 densioribus
646 1614 868 1656 obtectus.
931 1613 1061 1655 Folia
1090 1612 1285 1661 firmula,
1318 1612 1466 1653 nervis
1497 1624 1652 1652 secun-

56 1682 195 1724 dariis
224 1673 491 1736 conspicuis,
522 1681 719 1736 plurima
749 1681 808 1722 ad
839 1681 1061 1734 margines
1090 1680 1309 1733 imprimis
1338 1683 1384 1720 et
1414 1678 1576 1719 subtus
1605 1677 1654 1717 in

57 1754 185 1791 costa
215 1748 558 1803 piloso-hirsuta
595 1747 713 1802 (pilis
745 1753 817 1789 sat
849 1747 1002 1801 rigidis
1033 1751 1080 1788 et
1111 1746 1391 1798 subcmssis),
1425 1745 1578 1786 omnia
1606 1744 1654 1783 in

58 1816 260 1870 margine
289 1814 656 1870 microglandulis
686 1814 906 1869 praedita.
969 1813 1062 1856 Sub
1093 1813 1270 1855 anthesi
1299 1811 1408 1853 folia
1438 1810 1654 1852 rosularia

59 1885 187 1932 2—6,
226 1882 424 1924 obovate
463 1881 687 1936 lingulata
724 1881 798 1923 vel
834 1879 1269 1935 oblongo—lingulata
1305 1884 1351 1920 et
1388 1877 1653 1919 rotundato-

59 1949 225 1992 obtusa
259 1950 521 2003 (exteriora)
540 1975 599 1979 —
613 1947 1109 2003 lingulato-lanceolata
1143 1946 1390 1998 (interiora)
1420 1949 1467 1986 et
1506 1953 1541 1992 ss
1577 1943 1653 1984 ob-

58 2023 178 2066 tusa,
226 2017 452 2058 exteriora
498 2015 742 2070 subglabra
787 2019 834 2057 et
880 2014 1254 2067 subintegerrima
1299 2010 1372 2053 vel
1417 2009 1655 2052 denticulis

58 2084 229 2138 paucis,
269 2083 582 2125 minutissimis
621 2082 812 2124 munita.
881 2080 1008 2122 Folia
1046 2079 1222 2121 caulina
1262 2081 1386 2127 6—7,
1426 2077 1485 2117 ad
1526 2076 1656 2117 basin

59 2163 216 2192 versus
243 2150 292 2191 in
319 2149 541 2204 petiolum
570 2149 768 2199 brevem,
798 2161 962 2203 parum
991 2147 1164 2189 alatum
1192 2150 1239 2187 et
1272 2157 1434 2199 parum
1463 2142 1656 2197 amplec-

58 2221 236 2260 tentem
275 2217 441 2259 sensim
481 2221 728 2266 coarctata,
777 2228 1010 2257 sursum
1056 2213 1274 2255 sensim
1315 2211 1655 2252 decrescen-

59 2284 110 2326 ti
122 2297 164 2334 a,
197 2297 409 2339 suprema
432 2283 767 2338 angustissima,
801 2291 837 2331 ss
863 2280 1210 2328 bracteiformia,
1238 2280 1348 2318 4—5
1372 2276 1584 2318 inferiora
1613 2284 1649 2324 ss

61 2350 176 2393 bene
219 2350 419 2401 evoluta,
467 2356 660 2404 anguste
704 2346 1211 2403 lingulam-lanceolata,
1261 2342 1570 2386 obtusiuscula
1601 2365 1659 2372 -—-

61 2417 359 2468 acutiuscula,
400 2427 438 2467 313
473 2422 702 2459 remote
750 2413 1278 2458 sinuato-dentata
1306 2434 1364 2441 ——
1397 2409 1656 2464 (partim)

61 2483 474 2534 denticulata,
523 2483 815 2526 dentibus
871 2479 1244 2534 (denticulis)
1301 2475 1657 2532 patentissi-

63 2552 171 2593 mis
188 2551 643 2606 —patentibus,
684 2555 778 2592 sat
822 2548 1090 2595 minutis,
1124 2556 1160 2595 ss
1186 2544 1400 2592 acutis,
1443 2554 1657 2584 mucro-

61 2618 242 2668 natis,
292 2617 847 2672 intermarginibus
898 2627 1012 2656 non
1062 2610 1398 2668 profundis,
1451 2620 1660 2663 suprema

63 2685 252 2734 minora,
294 2698 322 2726 a
334 2698 365 2725 n
377 2698 406 2739 g
417 2698 448 2726 u
461 2698 482 2726 s
494 2689 516 2727 t
527 2699 553 2726 e
591 2681 1020 2726 lineari-lanceolata
1050 2679 1122 2721 vel
1165 2677 1476 2732 angustissime
1518 2675 1657 2729 lingu-

62 2751 448 2801 lato-lanceolata,
482 2751 786 2806 integerrima,
821 2749 972 2790 onmia
1003 2746 1200 2799 margine
1230 2749 1276 2786 ct
1314 2744 1327 2784 i
1342 2757 1373 2784 n
1402 2756 1430 2783 u
1443 2748 1464 2784 t
1478 2755 1498 2782 r
1511 2755 1538 2783 a
1552 2754 1582 2795 q
1594 2754 1623 2782 u
1636 2754 1661 2782 e

63 2819 301 2874 pagina,
371 2819 669 2873 imprimis
738 2815 1065 2870 superiore,
1136 2810 1431 2866 lcptotric
1448 2809 1536 2850 his
1603 2812 1662 2850 et

62 2884 285 2928 floccis
329 2883 945 2945 obtecta721nvolucrum
984 2891 1020 2929 ss
1048 2890 1331 2933 magnum,
1377 2878 1541 2917 15—-19
1570 2886 1661 2916 mm
