1840 3170
220 122 272 153 M.
304 121 596 159 ELFSTRAND,
628 122 862 152 mensem
892 123 1068 152 ALPINA
1096 112 1222 153 ΕΒᾸΝ
1252 123 1490 154 DALARNE.
1597 116 1644 153 61

169 226 389 269 Utmarkt
415 239 475 266 av
500 226 597 266 sina
628 225 845 279 tamligen
870 226 1009 267 breda
1035 227 1118 268 och
1144 227 1355 280 trubbiga
1381 226 1645 275 rosettbhd,

53 295 151 335 sina
178 294 277 334 sma
301 292 575 347 glandellika
602 291 886 340 bladtander,
915 293 1010 333 sina
1038 294 1052 333 i
1079 292 1323 335 alimanhet
1353 307 1645 347 sparsamma,

53 361 187 402 korta
214 360 299 401 och
324 359 421 400 sina
448 359 530 399 har
557 372 616 399 m.
647 372 706 398 m.
764 358 1026 412 Markligast
1056 363 1106 400 ar
1132 359 1351 412 stjalkens
1377 360 1646 414 ffirgrening.

54 427 197 481 Ingen
215 439 325 480 gren
344 427 478 479 utgar
496 425 599 466 fran
618 424 779 466 vecket
796 438 854 464 av
874 427 1022 479 nagon
1042 425 1216 474 brakte,
1235 432 1347 467 utan
1367 427 1527 468 endast
1547 426 1648 466 fran

18 519 22 521 -
54 507 114 534 m.
147 492 175 534 1.
211 506 271 534 m.
304 491 578 534 utvecklade
608 490 733 532 blad.
803 491 1136 546 Forgreningen
1168 495 1218 532 ar
1250 492 1384 533 alltsa
1414 493 1511 533 icke
1542 492 1647 533 den-

54 573 230 601 samma
257 573 355 601 som
383 560 465 600 hos
492 558 791 611 niqrescentia,
822 563 935 599 utan
963 560 1366 600 overensstammer
1395 572 1517 600 mera
1546 559 1649 599 med

56 627 145 668 den
185 627 266 668 hos
305 625 462 680 alpina
500 625 707 678 qenuina.
779 623 1220 666 Holkbekl‘adnaden
1261 626 1342 666 har
1388 626 1648 678 niqrescens-

0 690 1 744 ζ
54 692 188 735 artad
213 692 447 734 karaktar.
503 692 635 733 Visar
661 691 728 745 sig
752 690 1066 745 ffirgreningen
1092 691 1223 733 alltid
1249 705 1359 732 vara
1385 692 1528 732 sadan
1553 705 1648 732 som

56 761 137 801 hos
177 759 234 802 de
273 773 394 801 ovan
433 758 690 807 beskrivna,
731 761 891 811 tyviirr
929 757 1117 812 fataliga
1157 757 1455 812 exemplarem
1496 757 1651 800 tillhor

55 827 205 868 denna
237 826 356 868 form
389 831 504 867 utan
536 824 681 867 tvivel
713 837 887 865 samma
921 838 1065 878 grupp
1100 838 1158 865 av
1191 825 1361 878 alpina,
1397 838 1493 865 som
1526 825 1602 878 jag
1635 825 1648 864 i

54 907 113 934 en
142 896 267 935 annu
297 893 336 946 ej
370 891 635 947 publicerad
665 890 944 944 avhandling
975 890 1117 933 kallat
1149 891 1406 941 ὸαδτανηὶεα,
1439 891 1523 932 och
1554 904 1649 931 som

55 961 138 1001 har
169 959 283 1002 flera
315 963 680 1014 representanter
712 958 728 998 i
762 958 915 999 Tatra.
981 958 1052 998 En
1085 957 1156 999 till
1189 957 1472 999 sistn'amnda
1505 970 1650 1011 grupp

55 1026 257 1068 horande
288 1025 422 1075 form,
457 1039 555 1067 som
588 1026 685 1066 star
718 1025 779 1066 H.
815 1023 1081 1065 betulamans
1113 1027 1238 1073 nara,
1273 1030 1351 1078 tog
1383 1024 1458 1078 jag
1496 1026 1603 1064 1912
1638 1025 1651 1064 1

55 1091 456 1136 Kaministadalen
486 1092 504 1132 i
535 1090 924 1146 Liptau-Alperna
958 1094 1068 1132 nara
1101 1090 1235 1132 Hohe
1267 1090 1420 1132 Tatra.

449 1300 551 1346 ΙΙΙ.
622 1297 999 1362 Nigrescentia
1033 1297 1256 1345 ELrsrR.

171 1407 230 1447 Η.
261 1405 529 1456 primarium
559 1417 603 1444 n.

174 1495 332 1537 Caulis
369 1496 540 1534 22—44
575 1506 647 1534 cm
678 1491 814 1541 altus,
857 1491 1035 1545 gracilis
1064 1516 1122 1521 -—
1150 1490 1432 1532 mediocriter
1465 1503 1653 1537 crassuS,

56 1561 194 1617 vulgo
243 1560 574 1609 subflexuosus‚
623 1573 759 1614 parce
805 1558 880 1600 vel
925 1558 1099 1600 inferne
1146 1556 1425 1599 densiuscule
1471 1555 1654 1610 pilosus,

56 1629 281 1678 stellatus,
311 1627 487 1670 inferne
517 1625 883 1680 microglandulis
913 1625 1137 1673 solitariis
1170 1624 1225 1666 de
1256 1629 1403 1665 cetero
1433 1621 1656 1677 glandulis

58 1695 273 1738 brevibus
289 1721 349 1726 -—
364 1694 667 1737 mediocribus
723 1693 882 1734 cerinis
900 1717 959 1722 —-
975 1691 1320 1740 obscurioribus,
1378 1691 1427 1731 in
1483 1688 1657 1730 acladio

57 1768 106 1805 et
128 1762 397 1818 pedunculis
421 1767 494 1804 sat
518 1761 685 1803 crebris
709 1760 898 1809 obsitus,
924 1772 1128 1801 ramosus
1152 1764 1199 1801 et
1225 1755 1585 1811 2—6-cephalus,
1609 1755 1658 1795 in

57 1835 190 1884 parte
222 1830 451 1884 superiore
487 1831 598 1869 1-4
629 1827 766 1868 ramis
800 1826 936 1881 vulgo
970 1824 1318 1880 monocephalis‚
1352 1822 1582 1865 interdum
1613 1823 1656 1861 2-

58 1895 272 1951 cephalis,
304 1897 466 1939 erectis
495 1895 570 1938 vel
599 1893 967 1949 subpatentibus‚
1000 1894 1133 1935 rectis
1163 1890 1236 1933 vel
1266 1903 1443 1932 sursum
1469 1888 1657 1944 paulum

58 1965 276 2014 curvatis,
294 1963 434 2019 vulgo
450 1948 523 2006 sat
540 1962 686 2017 longis
702 1975 758 2003 ex
775 1959 923 2002 axillis
937 1959 1081 2002 folioli
1097 1958 1293 2013 supremi
1309 1963 1354 1998 et
1372 1957 1658 1997 bractearum

59 2031 172 2073 ortis
203 2031 470 2081 instructus,
507 2043 641 2084 saepe
675 2028 894 2077 sufflatus,
929 2026 1160 2069 interdum
1193 2025 1360 2079 partim
1394 2022 1656 2064 violascens.

60 2097 301 2140 Acladium
340 2101 450 2140 5—7
457 2102 480 2138 7
519 2111 615 2138 mm
651 2095 852 2150 longum.
920 2094 1050 2136 Folia
1087 2093 1284 2135 breviter
1301 2115 1360 2120 ——
1377 2088 1660 2132 mediocriter

58 2165 296 2220 petiolata‚
325 2164 508 2220 petiolis
536 2164 685 2212 alatis,
715 2162 893 2211 viridia,
924 2161 1086 2203 subtus
1112 2171 1274 2214 parum
1303 2156 1529 2204 dilutiora,
1559 2167 1659 2196 raro

59 2231 595 2281 violascenti-maoulata,
654 2243 831 2285 semper
888 2225 1251 2282 microglandulis
1307 2222 1558 2277 conspicuis
1613 2226 1660 2262 et

59 2299 164 2355 pilis
188 2299 432 2356 gracilibus
458 2299 623 2348 obsita,
650 2299 700 2339 in
725 2295 1004 2351 marginibus
1029 2300 1075 2336 et
1101 2292 1340 2348 praecipue
1366 2290 1414 2331 in
1439 2294 1569 2344 parte
1594 2288 1659 2328 in-

58 2366 224 2410 feriore
242 2367 372 2410 nervi
393 2365 584 2409 dorsalis
606 2370 654 2408 et
674 2365 724 2406 in
744 2362 915 2419 petiolo
936 2361 1039 2417 pilis
1060 2360 1223 2402 crebris
1245 2363 1291 2400 et
1312 2356 1456 2410 longis
1478 2355 1659 2397 vestita.

61 2433 191 2477 Folia
214 2433 436 2476 rosularia
460 2433 546 2475 sub
572 2431 754 2474 anthesi
781 2433 906 2479 3—7‚
934 2435 1135 2471 extrema
1163 2438 1295 2479 saepe
1321 2436 1478 2477 parva,
1505 2426 1660 2464 rotun-

60 2500 174 2544 data
188 2500 263 2544 vel
277 2498 764 2554 rotundato-elliptica,
783 2495 920 2552 vulgo
936 2493 1175 2537 denticulis
1191 2491 1263 2534 vel
1279 2489 1492 2532 dentibus
1508 2487 1662 2543 paucis

59 2573 110 2611 et
138 2567 328 2610 minutis
354 2568 596 2617 instructa,
625 2564 858 2608 interdum
886 2562 1081 2618 grossius
1110 2560 1318 2606 dentata;
1347 2554 1566 2598 rosularia
1594 2567 1662 2595 ce-

60 2640 161 2678 tera
200 2633 395 2677 ovaliter
433 2633 636 2689 elliptica
653 2657 712 2663 -—
728 2630 878 2674 ovalia
896 2654 954 2660 —
970 2627 1161 2670 ovaliter
1200 2623 1274 2668 vel
1313 2628 1449 2666 ovate
1488 2621 1662 2663 lanceo-

60 2700 159 2746 lata
203 2700 381 2755 (folium
418 2701 672 2753 intimum),
724 2698 949 2754 partim
999 2695 1242 2741 minute,
1282 2689 1464 2743 vulgo
1509 2700 1662 2742 gros-

60 2768 204 2818 sius,
249 2766 676 2822 inaequaliter
715 2771 762 2808 et
802 2768 979 2805 acute
1021 2760 1277 2803 dentata
1319 2755 1664 2810 (praecipue

60 2834 135 2878 ad
173 2835 352 2878 basin
389 2833 666 2882 laminae,
711 2830 941 2873 interdum
977 2828 1117 2870 etiam
1151 2827 1200 2868 in
1228 2822 1436 2880 petiolo),
1473 2820 1663 2863 denti-

63 2901 170 2944 bus
207 2900 672 2957 anguste—late
709 2888 1541 2951 triangularibus-falcatis
1572 2885 1665 2930 vel
