1840 3170
177 90 230 127 34
468 100 619 129 ARKlV
651 91 743 129 Fon
777 100 1008 130 BOTANIK.
1070 100 1202 128 BAND
1237 88 1299 128 17.
1361 99 1443 128 Nzo
1478 88 1511 128 7.

177 201 361 241 vissime
407 201 554 254 pilosi.
588 225 641 229 —
673 201 865 255 Depart.
913 201 974 241 du
1021 201 1112 243 Sud
1159 214 1302 254 prope
1336 200 1448 240 Port
1479 200 1505 240 a
1538 199 1719 240 Piment
1752 198 1797 238 in

175 268 367 309 collibus
399 269 660 317 altioribus,
695 283 754 310 m.
785 269 896 310 Jun.
930 268 1053 309 flou:
1089 283 1131 309 n.
1167 271 1261 308 339.

290 336 398 377 Obs.
460 336 588 377 Inter
619 338 792 390 species
824 336 1076 377 antillanas
1108 334 1245 375 valde
1277 334 1536 388 peculiaris.
1597 333 1668 374 Ex
1699 346 1799 374 sen-

174 404 322 444 tentia
353 403 422 445 cli.
457 404 512 444 R.
546 403 744 452 KNUTH,
779 403 1077 458 monographi
1112 402 1513 450 Oxalidacearum,
1552 402 1629 455 qui
1667 400 1796 454 plan-

174 475 269 511 tam
302 475 510 512 nostram
543 470 677 520 vidit,
712 471 903 512 sectioni
935 470 1234 523 Tliamnoxys
1266 469 1399 523 Prog.
1432 469 1633 510 subseot.
1656 467 1795 508 Loto-

173 538 383 592 phyllum
434 539 567 592 Prog.
619 553 703 579 ser.
757 538 1095 591 Angustifoliae
1140 537 1195 578 R.
1242 537 1428 578 KNUTH
1476 535 1718 577 inserenda
1748 542 1795 576 et

173 607 379 659 proxime
429 606 587 647 affinis
639 605 687 646 Ο.
738 606 900 647 lineari
950 605 1090 646 Zocc.
1141 605 1182 653 (e
1228 604 1471 658 Paraguay
1516 608 1563 644 et
1600 602 1794 643 Brasilia

171 677 336 725 austr.)
368 678 453 714 est.
489 698 540 702 —
572 673 658 714 Ein
691 673 884 714 anderer
915 672 1157 726 Specialist
1188 672 1234 712 in
1266 672 1348 712 der
1379 671 1590 724 Gattung
1620 669 1791 718 omlis,

172 740 292 781 Herr
341 740 574 781 Assistent
623 741 672 781 V.
720 740 946 781 NORLIND
991 741 1036 780 in
1084 738 1368 787 Stoekholm,
1414 738 1495 779 der
1539 738 1664 779 diese
1708 737 1793 778 Art

171 812 322 849 zuerst
353 808 421 849 als
453 822 541 849 neu
573 807 814 856 erkannte,
848 809 907 848 ist
940 807 1147 860 dagegen
1180 807 1260 847 der
1292 805 1502 855 Ansicht‚
1535 806 1598 846 sie
1628 804 1796 859 gehore

172 889 253 916 zur
295 875 487 917 Sektion
532 874 938 929 Heterophyllium
981 875 1115 927 Prog.
1166 874 1260 914 und
1305 873 1436 914 stehe
1467 873 1556 914 den
1590 872 1794 914 brasilia-

172 942 359 984 nischen
406 943 550 984 Arten
603 941 985 993 O.=salicis0rmis
1026 942 1142 983 ΜΙΚ.
1189 941 1284 982 und
1313 939 1645 995 daphnisor‘mis
1675 939 1791 981 ΜΙΚ.

172 1009 374 1061 (obwohl
405 1015 488 1063 gut
520 1009 894 1062 unterschieden)
926 1023 1000 1050 am
1031 1007 1269 1050 nachsten.

823 1222 1146 1266 Hutaeeae.

285 1348 471 1400 Fagara
516 1346 776 1389 haitiensis
821 1345 942 1387 URB.
991 1347 1128 1400 (spec.
1177 1349 1321 1396 nov.).
1395 1345 1587 1387 Frutex.
1654 1345 1792 1387 Rami

135 1437 138 1441 ·
172 1419 357 1464 teretes,
391 1414 562 1455 aculeis
584 1418 691 1457 3—5
714 1427 806 1454 mm
827 1413 974 1467 longis
995 1413 1300 1455 flavo-rubris
1321 1415 1458 1455 rectis
1479 1413 1797 1455 subteretibus

171 1482 380 1537 pilosulis
411 1484 507 1523 sine
538 1482 699 1523 ordine
730 1483 893 1536 positis
924 1482 1106 1531 armati,
1140 1481 1408 1523 brevissime
1439 1481 1795 1536 patenti-pilosi,

168 1550 339 1591 cortice
384 1549 711 1603 longitrorsum
743 1549 1056 1602 irregulariter
1086 1548 1259 1603 plicato
1305 1548 1611 1591 multistriati.
1663 1548 1794 1590 Folia

167 1622 365 1667 O‚7—l,5
413 1631 482 1658 cm
528 1617 662 1671 longe
700 1617 943 1670 petiolata,
990 1616 1164 1671 petiolo
1209 1621 1257 1657 et
1286 1615 1448 1658 rhachi
1477 1630 1617 1671 supra
1647 1618 1792 1658 mani-

166 1685 285 1727 feste
331 1684 670 1733 canaliculatiS,
718 1685 923 1738 margine
965 1684 1294 1738 angustissime
1339 1683 1476 1725 alatis
1519 1688 1566 1724 et
1609 1684 1794 1726 aculeos

170 1766 315 1806 usque
361 1756 385 1793 8
427 1766 519 1793 mm
562 1751 722 1806 longos
767 1753 814 1793 in
856 1752 993 1793 dorso
1030 1756 1077 1793 et
1108 1751 1167 1792 ad
1199 1752 1452 1806 marginem
1482 1751 1795 1805 irregulariter

169 1834 353 1874 sparsos
399 1819 670 1867 ferentibus,
719 1820 988 1861 brevissime
1024 1819 1196 1873 pilosis,
1234 1822 1396 1860 10—15
1428 1833 1499 1860 cm
1528 1819 1680 1873 longa,
1712 1821 1795 1861 im—

169 1889 488 1944 paripinna-ta;
534 1887 689 1928 foliola
724 1891 902 1936 17—23,
936 1888 1028 1928 fere
1059 1901 1239 1941 semper
1277 1886 1381 1940 plus
1412 1888 1564 1928 minus
1595 1887 1791 1937 alterna,

169 1960 298 1997 arcte
339 1954 530 2004 sessiHa,
564 1960 706 1996 ovata
738 1969 781 1997 V.
814 1954 1201 2008 ovato-elliptica‚
1236 1953 1335 1995 basi
1367 1954 1639 2004 rotundam,
1672 1968 1796 1996 nunc

169 2022 377 2065 obsolete
408 2023 577 2071 excisa,
600 2023 755 2063 antice
777 2022 907 2076 longe
930 2036 973 2064 v.
996 2023 1110 2063 satis
1132 2022 1267 2076 longe
1288 2023 1570 2071 acuminata,
1599 2027 1793 2072 l‚⁵—2‚5
1821 2035 1823 2038 ⁴

169 2105 242 2132 cm
290 2090 441 2144 longa,
488 2093 794 2140 O,8——l‚2.cm
826 2089 936 2138 lata,
972 2103 1116 2131 nervo
1147 2089 1300 2131 medio
1331 2102 1474 2143 supra
1503 2090 1796 2144 prominente

169 2173 213 2200 v.
261 2157 320 2199 ad
366 2156 498 2198 basin
543 2170 704 2198 versus
749 2156 1079 2211 subimpresso‚
1118 2157 1388 2198 lateralibus
1420 2161 1620 2211 utroque
1649 2157 1795 2199 latere

170 2229 294 2275 5—7‚
342 2224 598 2266 minoribus
642 2225 915 2277 interjectis,
961 2225 1178 2278 utrinque
1224 2224 1499 2279 prominulis
1529 2230 1577 2266 et
1607 2230 1794 2267 anasto-

169 2292 673 2345 mosanti-conjunctis,
690 2293 895 2345 margine
911 2293 1106 2344 integra,
1122 2292 1289 2334 subtus
1306 2292 1365 2333 ad
1382 2306 1576 2333 nervum
1593 2292 1795 2334 medium

167 2359 339 2401 aculeis
382 2363 490 2400 2-4
534 2359 689 2400 obsita
730 2363 778 2400 et
821 2358 1087 2400 brevissime
1128 2359 1341 2413 pilosula,
1383 2359 1547 2401 adulta
1586 2360 1797 2403 coriacea.

168 2428 390 2481 utrinque
421 2426 586 2475 nitida,
619 2426 786 2468 subtus
806 2426 953 2467 multo
975 2426 1232 2481 pallidiora,
1256 2428 1434 2468 minute
1455 2431 1502 2468 et
1523 2427 1792 2468 densissime

167 2494 752 2549 subpellucido-punctata.
798 2493 956 2535 Flores
987 2501 1034 2535 et
1065 2494 1246 2536 fructus
1277 2494 1439 2549 ignoti.
1470 2518 1524 2523 —-
1554 2494 1716 2536 Morne
1735 2494 1793 2536 de

168 2562 213 2604 la
253 2562 402 2604 Hotte
446 2561 506 2602 ad
536 2561 612 2602 Ma
643 2560 848 2602 Blanche
878 2563 925 2602 in
956 2561 1216 2603 declivibus
1247 2561 1532 2603 australibus
1562 2562 1792 2604 montium

171 2629 532 2672 occidentalium
565 2633 647 2671 800
678 2642 724 2669 m
754 2628 836 2670 alt.
870 2633 918 2670 et
949 2628 1071 2670 ultra
1103 2643 1230 2671 rara:
1267 2643 1311 2671 n.
1345 2633 1442 2671 620.

282 2697 391 2740 Obs.
451 2697 559 2739 Sine
603 2696 747 2738 dubio
792 2710 848 2737 ex
893 2695 1132 2738 affinitate
1173 2697 1226 2738 F.
1259 2697 1620 2751 pimpinelloides
1649 2696 1790 2746 LAM„

169 2779 288 2819 quae
333 2765 473 2806 ramis
523 2763 730 2805 obsolete
779 2763 1305 2818 pulverulento-pilosis,
1357 2764 1482 2806 striis
1532 2778 1556 2805 e
1604 2763 1791 2818 petiolis

168 2831 525 2874 decurrentibus
555 2831 804 2886 angulatis,
837 2830 1004 2872 foliolis
1025 2832 1196 2872 stricte
1217 2832 1445 2885 oppositis
1466 2830 1791 2873 subsessilibus

168 2901 322 2942 ovatis
353 2913 499 2954 usque
531 2899 872 2941 orbicularibus
904 2899 1111 2941 breviter
1133 2914 1178 2941 v.
1202 2900 1476 2942 brevissime
1496 2901 1789 2950 acuminatis,
