1840 3170
134 26 186 65 72
408 33 560 62 Aaxrv
590 22 684 62 rotz
714 32 947 63 BOTANIK.
1007 32 1140 61 BAND
1172 20 1238 62 17.
1299 32 1381 62 Nzo
1414 20 1480 63 17.

147 149 181 187 ᾗ
215 137 567 180 bracteiformia.
627 137 697 177 Ex
723 136 872 178 axillis
898 137 1061 178 horum
1089 137 1204 178 rami
1234 140 1343 178 l—3
1369 138 1565 192 angusti,
1594 152 1749 180 mono-

135 205 325 260 oephali,
354 204 554 246 subrecti
572 230 630 234 -—
647 218 827 245 sursum
855 204 1036 246 curvati
1063 208 1247 246 exeunt.
1305 205 1411 247 Non
1437 218 1572 260 saepe
1599 205 1750 247 caules

135 273 226 313 duo
244 287 299 313 ex
318 273 583 313 rhizomate.
634 270 764 312 Folia
782 270 1003 312 rosularia
1021 285 1114 313 non
1132 271 1293 321 solum,
1315 271 1393 313 sed
1412 273 1552 314 etiam
1571 271 1752 314 caulina

134 339 294 380 infima
320 339 434 380 bene
462 338 662 388 evoluta,
690 338 823 393 longe
849 343 896 380 et
924 343 1117 392 anguste
1143 338 1381 393 petiolata.
1440 339 1570 381 Folia
1597 341 1752 381 omnia

137 406 272 461 vulgo
299 406 437 462 paulo
465 406 642 447 minora
670 420 809 460 quam
840 406 901 447 H.
931 406 1205 448 tumescentis
1231 411 1278 448 et
1305 405 1444 461 paulo
1471 407 1750 462 angustiora,

134 488 187 515 ea
230 474 345 515 bene
387 472 575 515 evoluta
618 473 1199 527 subpinnatifido-dentata
1222 499 1280 503 —
1303 473 1751 528 subpinnatifido-lo-

135 542 259 591 bata,
293 540 508 582 dentibus
539 550 575 590 ss
603 541 794 595 magnis,
828 545 1022 595 anguste
1039 566 1099 571 ——-
1114 540 1207 582 late
1227 540 1585 595 triangularibus
1600 567 1659 572 —
1673 543 1752 584 tri-

134 608 626 662 angulari-mammatis
662 613 708 650 et
744 608 1003 650 evidentius
1042 609 1337 650 mucronatis.
1407 608 1538 650 Folia
1573 608 1754 650 caulina

134 676 368 730 superiora
410 675 485 717 vel
528 689 742 730 suprema
789 675 1182 730 subintegerrima,
1229 676 1397 726 omnia,
1443 676 1584 718 etiam
1627 690 1752 718 rosu-

134 743 247 784 laria
275 743 515 793 exteriora,
547 743 710 785 subtus
740 742 938 785 stellata.
1000 743 1228 797 Squamae
1255 742 1480 785 involucri
1508 743 1754 786 nonnullae

134 810 366 852 interdum
411 810 745 860 obtusissimam,
789 810 1258 853 rotundato-obtusae
1300 810 1375 852 vel
1408 810 1752 854 subtruncatae.

136 879 297 920 Cetera
327 883 381 920 ut
410 879 460 919 in
489 878 551 920 H.
584 883 853 920 tumescente.

239 945 415 1002 ¹Idre:
449 946 681 988 Lovasens
718 945 846 1000 gard,
884 948 1080 1000 grasang
1123 946 1187 1000 (²7⁸
1230 948 1376 999 1918).

252 1071 309 1113 Η.
340 1083 585 1113 nervorum
615 1083 660 1111 n.

254 1148 410 1191 Caulis
445 1152 583 1190 17——3
592 1152 610 1189 l
643 1162 716 1190 cm
746 1147 882 1198 altus,
916 1153 988 1190 sat
1019 1162 1197 1190 crassus
1214 1174 1273 1179 —-
1289 1148 1482 1203 gracilis,
1515 1147 1754 1191 subrectus

135 1216 209 1258 vel
258 1216 592 1266 subflexuosus,
643 1230 747 1258 raro
800 1215 994 1271 simplex
1044 1220 1091 1258 et
1107 1212 1110 1216 ’
1141 1215 1510 1271 monocephalus,
1562 1221 1756 1271 superne

135 1284 274 1339 vulgo
322 1287 432 1325 1—2
474 1297 626 1331 ramos
675 1283 938 1326 suberectos
955 1309 1015 1314 ——
1031 1288 1258 1339 patentes,
1304 1282 1656 1339 monocephalos
1698 1297 1756 1325 ex

136 1351 287 1394 axillis
316 1351 608 1395 bractearum
640 1352 871 1401 emittens,
905 1351 1083 1393 acladio
1120 1354 1259 1393 1—32
1291 1365 1386 1393 mm
1406 1351 1543 1407 longo
1561 1352 1756 1394 instruc-

136 1425 227 1470 tus,
271 1433 453 1476 parce
505 1419 759 1475 pilosus,
812 1419 1126 1462 interdum
1178 1419 1635 1475 subdepilatus,
1688 1419 1756 1460 in-

135 1486 263 1530 ferne
293 1487 520 1543 glandulis
551 1487 733 1542 sparsis,
767 1500 961 1542 superne
1002 1501 1024 1528 c
1039 1501 1061 1528 r
1074 1502 1098 1530 e
1110 1487 1140 1529 b
1154 1502 1176 1529 r
1187 1488 1203 1529 i
1215 1502 1250 1538 s,
1282 1487 1498 1529 brevibus
1513 1512 1572 1518 —
1587 1487 1756 1528 medio-

137 1555 303 1607 cribus,
335 1556 475 1611 nigris
509 1555 736 1598 obtectus.
790 1555 902 1596 Pars
936 1554 1123 1597 inferior
1150 1554 1291 1597 caulis
1314 1560 1362 1598 et
1395 1555 1414 1596 f
1428 1569 1454 1597 o
1467 1554 1510 1596 li
1523 1568 1550 1596 a
1582 1553 1656 1597 vel
1679 1569 1755 1610 pe-

136 1623 238 1666 tioli
267 1638 425 1666 eorum
454 1623 688 1666 interdum
719 1622 1034 1674 violascentia‚
1067 1636 1099 1664 n
1111 1638 1136 1665 e
1147 1637 1170 1664 r
1182 1637 1213 1665 v
1225 1624 1242 1664 i
1283 1638 1304 1665 s
1317 1637 1342 1666 e
1354 1637 1377 1665 c
1391 1637 1422 1664 u
1435 1637 1467 1664 n
1480 1622 1511 1664 d
1524 1636 1551 1664 a
1563 1636 1586 1664 r
1598 1622 1642 1664 ii
1678 1622 1696 1664 f
1710 1636 1756 1664 o-

136 1691 358 1733 liorum
404 1689 851 1747 subparallelli
882 1695 929 1733 et
959 1691 1289 1746 perspicui,
1334 1691 1560 1745 margines
1602 1694 1649 1733 et
1679 1704 1755 1745 pe—

136 1758 240 1801 tioli
269 1773 405 1815 parce
439 1758 587 1815 pilosi,
630 1764 841 1814 partes
882 1763 1128 1802 ceterae
1168 1772 1326 1801 eorum
1368 1757 1754 1813 subglabrae,

137 1826 258 1869 foliis
290 1826 481 1869 caulinis
511 1827 751 1882 exemptis,
787 1840 905 1881 quae
937 1826 1101 1869 subtus
1122 1826 1262 1869 etiam
1286 1825 1432 1882 pilosa
1452 1831 1575 1868 sunt.
1627 1824 1758 1868 Folia

138 1908 351 1950 suprema
388 1894 766 1948 (bracteiformia)
791 1894 932 1949 paulo
955 1894 1186 1950 pilosiora,
1213 1894 1368 1936 omnia
1387 1892 1756 1948 microglanduli-

137 1961 248 2012 fera,
273 1961 386 2004 folia
409 1962 751 2005 bracteiformia
777 1962 919 2004 etiam
944 1961 1187 2017 glandulis,
1211 1975 1494 2016 quamquam
1514 1960 1654 2016 vulgo
1674 1961 1756 2002 mi-

138 2030 264 2072 nutis
300 2035 347 2072 et
382 2030 540 2086 paucis
576 2029 777 2072 obtecta.
857 2029 989 2072 Folia
1025 2029 1248 2072 rosularia
1285 2029 1370 2071 sub
1408 2029 1590 2071 anthesi
1627 2031 1755 2078 3-6,

138 2097 336 2152 plurima
373 2097 555 2153 petiolis
591 2097 753 2152 longis,
794 2107 832 2147 ss
874 2102 1068 2153 anguste
1103 2097 1238 2140 alatis
1272 2098 1514 2147 instructa,
1550 2101 1757 2139 extrema

139 2164 212 2206 vel
248 2166 475 2208 exteriora
511 2164 650 2220 vulgo
692 2169 765 2208 sat
807 2179 968 2220 parva,
1010 2165 1264 2208 rotundata
1298 2164 1373 2207 vel
1402 2163 1671 2220 spathulata
1699 2189 1758 2194 ——

138 2232 578 2284 rotundato-ovalia,
611 2232 1068 2284 rotundato-obtusa,
1099 2233 1304 2288 margine
1334 2231 1577 2275 denticulis
1597 2232 1756 2287 paucis

140 2300 334 2351 munita,
374 2301 593 2343 interiora
631 2300 725 2343 late
754 2326 814 2331 —
841 2305 1035 2355 anguste
1070 2299 1235 2350 ovalia‚
1276 2300 1495 2342 intimum
1523 2299 1757 2342 interdum

140 2367 534 2410 sublanceolatum
570 2368 645 2410 vel
685 2382 789 2410 raro
831 2368 1199 2423 subtriangulare
1217 2394 1276 2398 -—
1293 2372 1431 2409 ovate
1460 2366 1757 2422 triangulare,

139 2435 357 2477 interiora
391 2435 530 2491 vulgo
562 2445 600 2485 ss
636 2435 1066 2491 inaequaliter
1101 2440 1148 2478 et
1184 2439 1378 2485 acute,
1425 2436 1654 2491 partim
1689 2434 1757 2476 si-

140 2507 340 2553 nuate,
377 2504 602 2559 partim
649 2503 940 2546 serratim
987 2503 1263 2553 dentata,
1314 2502 1607 2546 dentibus
1650 2515 1754 2543 ma-

139 2570 152 2623 j
171 2570 381 2612 oribus
412 2576 459 2614 et
491 2571 848 2622 minoribus,
893 2570 1400 2626 triangularibus
1420 2569 1758 2612 —falcatis

140 2637 238 2679 vel
300 2638 730 2693 unguiculatis
775 2644 823 2681 et
873 2639 1273 2688 mucronatis,
1328 2638 1616 2694 plurimis
1665 2651 1756 2692 pa-

140 2710 161 2746 t
174 2719 198 2747 e
211 2718 243 2746 n
255 2709 276 2747 t
289 2705 305 2746 i
318 2705 347 2747 b
361 2719 392 2746 u
404 2720 425 2747 s
442 2731 502 2736 -—-
519 2720 550 2761 p
564 2720 586 2748 r
600 2719 627 2747 o
640 2720 663 2747 c
677 2720 708 2747 u
721 2720 743 2748 r
755 2706 862 2756 vis,
902 2706 1039 2749 dente
1074 2720 1168 2749 uno
1203 2705 1408 2748 alterove
1436 2705 1758 2762 patentissimo

142 2773 334 2815 munita.
410 2773 577 2816 Rarius
622 2773 782 2816 dentes
826 2773 1012 2829 plurimi
1062 2772 1406 2829 subaequaliter
1456 2772 1755 2828 unguiculati.

141 2839 271 2881 Folia
287 2839 467 2882 caulina
482 2854 566 2895 pro
584 2840 864 2883 rosularibus
883 2841 1064 2884 minuta
1076 2867 1136 2872 --
1147 2841 1470 2891 minutissima,
1488 2840 1758 2896 plerumque
