1840 3170
181 133 232 163 M.
265 133 558 171 ELFs'rRAND,
590 133 820 164 manaem
853 134 1028 163 ALPmA
1058 123 1185 163 FRAN
1217 134 1458 164 DALARNE.
1561 127 1610 164 51

14 237 153 292 nigris
173 237 441 291 largioribus
463 243 509 280 et
530 239 700 292 partim
721 237 998 292 longioribus
1021 239 1218 288 obtecta,
1244 239 1454 281 bracteae
1474 240 1612 281 etiam

14 303 240 358 glandulis
261 305 399 357 nigris
419 305 666 358 praeditae,
690 306 775 346 etsi
798 306 997 347 minutis.
1045 305 1229 359 Ligulae
1250 305 1446 355 latiores,
1470 319 1613 359 usque

17 375 44 411 4
63 384 169 412 mm.
193 370 521 413 Indumentum
540 371 876 412 involucrorum
896 373 943 412 in
962 371 1063 426 pilis
1085 372 1318 421 subnullis,
1334 373 1411 414 sed
1425 372 1612 426 glandu-

13 437 68 479 lis
94 438 233 491 nigris
260 438 439 487 crebris,
468 439 637 492 partim
665 438 892 487 brevibus,
920 440 1088 492 partim
1119 448 1155 487 ὲ
1180 438 1324 492 longis
1346 440 1611 480 consistens.

131 504 293 546 Idre:
327 504 715 558 Grovelsjohogda
745 505 760 544 i
792 504 1037 559 bjorkskog
1076 507 1139 558 (ll8
1178 508 1321 558 1918).

131 571 294 612 Denna
320 571 439 612 form
468 573 563 612 star
590 576 757 625 ytterst
787 574 898 611 nara
926 572 985 612 H.
1016 572 1351 625 stilbophyllum.

130 672 189 712 Η.
219 675 446 712 ozoterum
475 684 520 712 n.

131 738 202 779 Ab
241 737 301 779 H.
342 737 613 791 stilbophyllo
651 738 772 778 notis
815 738 1107 790 sequentibus
1146 738 1389 779 diversum.
1460 738 1614 779 (aulis

15 805 174 847 eodem
213 804 349 846 modo
387 809 441 845 ut
477 805 526 844 in
563 803 784 845 Hieraciis
824 804 1181 858 nigrescentibus
1218 818 1436 854 ramosus,
1477 806 1614 845 ramis

20 874 142 921 1—3,
189 870 299 913 folio
344 870 523 912 caulino
567 870 682 912 bene
728 870 912 912 evoluto
958 870 1182 920 subnullo‚
1230 870 1384 912 foliolo
1430 876 1613 913 tantum

15 943 207 994 anguste
237 936 734 992 lingulato-lanceolato
767 943 813 979 et
846 937 1154 979 bracteiformi
1187 938 1403 987 munitus,
1440 937 1613 979 acladio

15 1005 234 1055 breviore,
278 1007 444 1046 14-35
492 1018 586 1045 mm
627 1003 779 1058 longo;
817 1003 970 1053 caulis,
1008 1003 1117 1045 folia
1152 1004 1475 1058 involucraque
1511 1004 1613 1058 pilis

14 1071 153 1127 paulo
181 1071 460 1126 longioribus
491 1076 537 1112 et
566 1070 834 1124 largioribus
866 1070 1065 1120 obtecta3
1097 1071 1205 1123 folia
1237 1072 1385 1112 minus
1415 1070 1611 1118 firmula,

14 1144 187 1181 remote
225 1144 272 1180 et
310 1139 485 1179 minute
524 1137 1304 1187 sinuato-dentata—denticulata,
1345 1138 1502 1179 dentes
1541 1137 1614 1178 vel

15 1205 234 1248 denticuli
273 1218 430 1247 eorum
470 1204 634 1259 plures,
676 1203 786 1246 folia
825 1204 1043 1245 rosularia
1082 1205 1298 1246 interiora
1338 1204 1412 1246 vel
1450 1205 1612 1245 intima

15 1286 149 1328 saepe
173 1277 365 1327 anguste
388 1271 899 1325 lingulato-lanceolata,
927 1271 1105 1312 caulina
1130 1285 1222 1312 non
1247 1272 1395 1312 minus
1421 1270 1613 1325 amplec-

15 1340 180 1390 tentia3
211 1338 436 1381 involucra
466 1339 656 1387 minora,
684 1339 952 1393 primarium
982 1341 1147 1378 12-15
1174 1352 1267 1379 mm
1292 1337 1452 1386 altum,
1481 1351 1611 1391 squa-

15 1420 117 1448 mae
149 1419 496 1460 nonnumquam
530 1404 668 1460 paulo
700 1404 900 1454 latiores3
938 1404 1096 1457 liqulae
1130 1404 1322 1446 ciliatae.

131 1473 285 1515 Idre:
318 1471 707 1526 Grovelsjohogda
731 1473 747 1513 i
772 1471 1018 1526 bjorkskog
1050 1473 1115 1526 (¹ls
1147 1474 1291 1524 1918).

131 1540 333 1596 Typiska
354 1538 586 1594 exemplar
608 1553 667 1580 av
694 1539 843 1580 denna
864 1538 982 1580 form
1005 1541 1083 1580 {iro
1105 1538 1276 1592 ganska
1299 1537 1420 1579 olika
1442 1538 1613 1579 sadana.

16 1621 76 1650 av
109 1607 170 1649 H.
206 1606 543 1661 stilbophyllum,
580 1620 685 1648 rnen
718 1606 774 1648 de
806 1605 1154 1659 ifragavarande
1187 1605 1415 1646 formerna
1449 1606 1613 1658 overga

15 1688 178 1729 genom
206 1673 541 1716 mellanformer
568 1678 683 1715 utan
711 1663 845 1728 grans
871 1673 888 1713 i
916 1672 1154 1714 varandra.
1214 1673 1342 1714 Utan
1369 1671 1513 1713 tvivel
1541 1672 1613 1712 sta

16 1741 77 1784 H.
105 1742 331 1791 nitescens,
361 1740 686 1795 stilbophyllum
713 1740 798 1782 och
824 1745 1035 1782 ozoterum
1061 1740 1076 1780 i
1104 1742 1215 1780 nara
1242 1738 1469 1793 genetiskt
1497 1751 1612 1779 sam-

15 1808 142 1850 band
169 1808 275 1850 med
301 1807 543 1850 varandra.
603 1808 705 1849 Den
732 1806 1048 1848 forstnamnda
1080 1805 1256 1847 formen
1285 1807 1417 1860 utgo'r
1445 1818 1500 1846 en
1529 1804 1612 1845 dif-

15 1874 306 1930 ferentiering
347 1889 471 1917 mera
513 1876 562 1917 at
602 1875 662 1916 H.
706 1873 945 1928 depilatum
984 1872 1069 1922 till,
1113 1873 1201 1915 den
1241 1872 1523 1914 sistnamnda
1566 1873 1614 1912 at

16 1942 229 1984 Hieracia
261 1941 560 1996 niqreseentia.

133 2043 192 2084 Η.
222 2043 397 2084 siniora
424 2055 470 2084 n.

134 2109 290 2152 Caulis
313 2112 480 2151 17——23
505 2123 577 2151 cm
601 2108 736 2158 altus,
764 2113 835 2150 sat
854 2107 1031 2163 gracilis
1048 2132 1106 2137 -—
1123 2106 1405 2148 mediocriter
1425 2119 1612 2151 crassus,

17 2176 78 2219 ad
129 2175 416 2219 involucrum
469 2190 627 2218 versus
680 2175 840 2217 leviter
894 2174 1127 2223 dilatatus,
1183 2173 1419 2215 subrectus
1437 2197 1495 2202 —-
1511 2171 1614 2213 sub-

15 2242 262 2294 flexuosm,
300 2242 492 2298 simplex
528 2248 575 2285 et
612 2241 962 2297 monocephalus
998 2240 1071 2283 vel
1106 2241 1243 2281 ramis
1280 2237 1615 2294 monocephalis

22 2313 131 2352 1--2
154 2309 313 2366 longis,
338 2310 705 2366 subpatentibus‚
728 2322 905 2351 sursum
929 2308 1128 2350 curvatis
1152 2321 1208 2348 ex
1233 2305 1380 2347 axillis
1403 2304 1614 2347 foliorum

15 2378 66 2420 in
90 2382 223 2433 parte
249 2378 491 2433 superiore,
522 2377 672 2419 media
697 2375 771 2418 vel
797 2377 936 2418 etiam
963 2374 1123 2416 infima
1138 2373 1292 2423 caulis,
1310 2372 1613 2427 provenienti-

17 2443 104 2486 bus
134 2449 182 2487 et
204 2444 381 2486 acladio
407 2447 597 2494 3,5—8,5
617 2457 688 2485 cm
707 2442 842 2497 longo
865 2443 1127 2490 instructus,
1150 2440 1408 2495 parcissime
1427 2437 1612 2493 pilosus,

16 2509 192 2554 inferne
223 2525 372 2567 parce,
409 2525 600 2566 superne
636 2510 919 2552 mediocriter
953 2507 1160 2550 stellatus
1193 2505 1507 2561 glandulisque
1542 2511 1611 2546 sat

17 2579 198 2634 sparsis,
231 2578 446 2621 brevibus
462 2603 521 2608 —
537 2577 850 2626 mediocribus,
883 2576 1043 2617 cerinis
1061 2599 1119 2604 —
1135 2572 1441 2615 cerino-fuscis
1461 2571 1612 2613 obtec-

16 2649 108 2689 tus.
178 2645 310 2688 Folia
346 2644 576 2688 leviter
628 2640 1267 2688 flavescenti-viridia,
1321 2652 1497 2694 parce
1537 2639 1614 2692 pi-

16 2710 127 2763 losa,
155 2721 193 2762 ss
213 2711 413 2755 breviter
431 2711 666 2767 petiolata,
699 2709 954 2766 petiolis
996 2712 1253 2762 anguste
1272 2705 1472 2747 —late
1501 2704 1613 2745 ala-

16 2778 115 2830 tis,
155 2778 380 2837 ‘rosularia
417 2779 503 2820 sub
541 2779 720 2820 anthesi
760 2779 885 2826 4—6,
937 2788 1079 2816 unum
1117 2774 1370 2816 alterumve
1411 2771 1615 2825 (stolonis

16 2845 346 2900 innovationis)
405 2855 442 2895 ss
496 2859 704 2900 parvum,
777 2843 1000 2886 exteriora
1058 2839 1307 2883 rotundata
1365 2863 1422 2870 --
1465 2837 1615 2881 ovalia

19 2911 92 2955 vel
132 2912 557 2963 rotundato-ovata,
598 2911 811 2953 dentibus
846 2909 917 2951 vel
953 2907 1193 2950 denticulis
1229 2907 1384 2962 paucis
1422 2905 1612 2954 munita,
