1840 3170
137 63 189 100 60
405 71 554 99 ARK1v
588 60 682 100 Fon
713 70 945 100 BOTANIK.
1006 70 1139 99 ΒΑΜ)
1174 59 1240 101 17.
1302 71 1385 102 Nzo
1415 60 1480 102 17.

135 177 144 215 i
177 176 330 216 Tatra.
395 167 525 215 javen
553 175 632 215 vid
663 174 860 216 Storlien
887 175 902 215 i
928 174 1171 217 Jamtland
1200 176 1283 217 har
1310 177 1387 231 jag
1414 177 1535 232 tagit
1562 190 1620 219 en
1648 181 1750 219 nar-

136 241 375 283 bcsl'aktad
412 242 545 290 form,
575 255 672 283 som
705 241 822 282 dock
859 241 959 283 icke
996 245 1120 284 annu
1148 246 1198 284 ar
1224 243 1467 286 beskriven
1498 244 1575 297 (H.
1599 246 1749 299 perni-

131 323 263 362 qrans
297 309 496 350 ELFSTR.
533 311 703 362 mscr.).

578 517 648 564 Π.
713 516 1034 568 Bastarnica
1070 518 1297 567 ELFSTR.

247 624 303 663 Η.
336 624 622 663 betulamans
653 636 698 664 n.

247 712 402 754 C'aulis
427 715 599 752 26—28
615 726 686 753 cm
711 712 846 763 altus,
871 713 1063 768 gracilis,
1089 728 1281 769 superne
1302 715 1494 769 paulum
1510 715 1747 766 dilatatus,

129 780 380 829 subrectus,
417 779 614 830 2-folius,
649 794 829 821 ramum
862 795 1006 822 unum
1050 791 1086 831 ὲ
1112 781 1314 836 longum,
1350 783 1747 838 monocephalum,

128 848 418 890 suberectum
463 861 530 889 ex
587 847 781 889 axillo
837 854 1103 904 utroque
1158 849 1450 891 foliorum
1498 850 1746 905 proferens,

129 916 327 958 breviter
362 921 409 957 et
440 916 703 970 parcissime
736 915 908 970 pilosus
947 917 1011 969 (in
1033 922 1166 971 parte
1186 917 1348 958 infima
1366 917 1506 972 paulo
1527 918 1747 972 densius),

127 998 260 1037 parce
304 983 528 1033 stellatus,
575 997 768 1038 superne
816 983 1113 1026 tomentellus
1156 990 1204 1027 et
1245 984 1474 1040 glandulis
1516 985 1746 1037 brevibus,

127 1052 307 1106 sparsis,
339 1051 399 1092 ad
425 1050 715 1092 involucrum
743 1065 901 1093 versus
929 1051 1069 1106 paulo
1098 1052 1384 1094 densioribus
1412 1058 1459 1095 et
1488 1053 1746 1096 submedio-

125 1120 260 1161 criter
293 1118 453 1173 longis.
519 1118 651 1160 Folia
685 1118 848 1161 leviter
880 1119 1341 1162 flavescenti-viridia
1379 1120 1600 1163 subtus
1641 1135 1747 1163 mo-

126 1187 260 1228 dico
303 1187 352 1227 in
398 1186 1126 1241 caesio-glaucescentem
1171 1187 1357 1237 flexu,
1405 1189 1559 1230 nervis
1589 1203 1747 1231 secun—

125 1254 263 1296 dariis
296 1255 566 1309 conspicuis,
610 1268 747 1309 parce
785 1254 946 1309 pilosa,
995 1255 1144 1310 pilis
1190 1255 1576 1311 gracillimis,
1615 1256 1746 1307 albis,

125 1322 355 1372 brevibus,
392 1323 441 1363 in
489 1321 671 1378 petiolis
706 1322 1002 1377 longioribus,
1044 1324 1249 1379 margine
1288 1323 1630 1366 denticulis
1669 1339 1746 1366 re-

125 1391 321 1439 motis,
368 1389 957 1433 mucroniformibus
1001 1392 1196 1433 munita.
1273 1390 1367 1433 Sub
1413 1391 1594 1433 anthesi
1636 1391 1749 1434 folia

123 1457 344 1499 rosularia
377 1458 555 1500 circiter
591 1462 628 1508 5,
660 1458 843 1513 petiolis
872 1468 910 1508 ss
936 1464 1130 1513 anguste
1163 1458 1313 1509 alatis,
1340 1459 1568 1501 exteriora
1587 1464 1746 1502 rotun-

123 1525 459 1581 dato-elliptica
476 1551 535 1557 —-
552 1525 719 1576 ovalia,
741 1530 802 1576 et,
833 1526 1017 1581 petiolis
1047 1527 1265 1582 exceptis,
1298 1541 1319 1569 s
1333 1526 1406 1568 ub
1419 1526 1648 1582 glabra,
1679 1528 1746 1568 in-

122 1593 291 1635 teriora
328 1593 422 1636 late
459 1593 658 1648 oblonga
680 1619 739 1624 -—
767 1593 1241 1649 oblongo-lanceolata
1275 1600 1322 1637 et
1351 1604 1389 1644 ὲ
1416 1594 1745 1645 obtusiuscula,

123 1660 226 1716 pilis
259 1662 309 1702 in
336 1661 632 1716 marginibus,
654 1662 703 1703 in
721 1662 904 1717 petiolis
925 1662 1180 1717 subtusque
1199 1663 1248 1704 in
1269 1667 1398 1705 costa
1418 1662 1618 1713 obtecta,
1639 1663 1746 1704 sub-

122 1734 198 1770 tus
228 1729 277 1770 in
307 1734 437 1772 costa
466 1730 609 1771 etiam
640 1728 795 1772 floccis
826 1731 1092 1785 parcissime
1123 1730 1355 1785 adspersa.
1411 1729 1542 1772 Folia
1565 1729 1748 1772 caulina

124 1799 149 1836 2
179 1805 216 1846 ss
242 1796 358 1839 bene
389 1796 590 1848 evoluta,
625 1797 790 1840 subtus
824 1798 930 1853 pilis
959 1803 1007 1840 et
1037 1797 1194 1840 floccis
1225 1798 1425 1848 obtecta,
1456 1796 1646 1840 inferius
1666 1811 1745 1839 an-

121 1869 253 1918 guste
290 1864 832 1920 oblongo-lanceolatum,
878 1865 1260 1916 obtusiusculum,
1306 1866 1515 1921 superius
1551 1871 1746 1921 anguste

121 1931 444 1984 lanceolatum,
479 1938 683 1984 acutum,
715 1932 966 1988 aliquando
996 1933 1441 1988 subintegerrimum.
1502 1933 1746 1976 Praeterea

121 2013 315 2055 superne
344 2001 394 2042 in
427 2000 604 2044 acladio
627 2006 675 2044 et
697 2001 747 2043 in
768 2002 908 2044 ramis
939 2001 1153 2044 bracteae
1181 2004 1291 2042 1—2
1315 2000 1641 2061 subfiliformes
1664 2001 1746 2042 ad-
1788 2032 1791 2035 -

122 2073 244 2110 sunt.
322 2068 642 2111 Acladium
681 2072 911 2111 105—165
945 2083 1040 2110 mm
1085 2068 1346 2124 longum,
1392 2068 1571 2124 longius
1604 2082 1762 2123 quam.

120 2136 250 2177 rami.
299 2135 585 2179 [molucrum
613 2137 883 2192 primarium
909 2142 983 2180 sat
1008 2151 1242 2192 magnum,
1274 2140 1444 2178 14--15
1463 2149 1559 2178 mm
1579 2135 1743 2186 altum,

120 2202 224 2257 pilis
269 2203 369 2245 basi
414 2205 544 2259 nigra
578 2210 626 2247 et
657 2205 785 2260 apice
827 2204 1093 2259 gracillimo,
1137 2204 1293 2246 albido
1321 2229 1382 2235 ——
1404 2217 1533 2255 cano,
1566 2203 1745 2246 modice

120 2269 264 2325 longis
296 2271 586 2314 mediocriter
615 2298 675 2303 —-
691 2277 765 2315 sat
798 2286 900 2314 rare
933 2272 1174 2315 obtectum
1207 2277 1255 2314 et
1289 2271 1518 2327 glandulis
1551 2276 1626 2314 sat
1658 2285 1743 2312 nu-

121 2338 321 2388 merosis,
358 2338 575 2381 brevibus
596 2340 990 2391 —mediocribus‚
1034 2339 1239 2382 obscuris
1280 2344 1328 2382 et
1369 2338 1743 2395 microglandulis

121 2404 323 2448 obscuris
354 2406 570 2449 obsitum.
609 2407 839 2462 squamae
863 2408 993 2463 apice
1015 2407 1244 2450 levissime
1269 2412 1494 2458 comatae,
1519 2411 1744 2462 angustae

120 2472 194 2514 vel
232 2473 612 2517 submediocriter
650 2475 788 2525 latae,
828 2474 1054 2530 plurimae
1089 2484 1127 2524 ss
1153 2473 1509 2525 obtusiusculae,
1551 2473 1743 2516 obscure

119 2539 543 2584 fusco-virescentes
561 2567 622 2573 —
636 2543 973 2592 atro-virentes,
1006 2543 1185 2585 mediae
1214 2547 1262 2585 et
1290 2543 1530 2585 interiores
1549 2540 1743 2584 dilutius

118 2606 353 2658 limbatae,
391 2609 519 2664 apice
556 2609 789 2661 obscurae,
822 2609 1138 2652 violascentes.
1210 2609 1398 2664 Liqulae
1433 2622 1630 2658 croceae,
1661 2609 1741 2650 vix

120 2674 408 2718 mediocriter
438 2676 614 2732 longae,
646 2691 792 2732 usque
823 2681 890 2728 2,5
914 2691 1010 2719 mm
1040 2677 1178 2728 latae,
1210 2678 1338 2733 apice
1368 2676 1564 2720 ciliatae.
1622 2675 1743 2731 Styli

120 2740 325 2792 brunnei,
358 2743 579 2798 stigmata
614 2746 902 2787 virescentia.

235 2809 396 2852 Idre:
439 2810 669 2854 Grbvelan
706 2812 933 2854 nedanffir
970 2812 1276 2868 Husklappen
1311 2813 1328 2854 i
1365 2810 1617 2866 bjbrklund
1660 2812 1741 2866 (Ὗ,

123 2878 268 2928 1918)
