1840 3170
205 109 256 138 M.
288 109 582 139 ELFSTRAND.
614 110 846 140 HIERACIA
877 112 1051 142 ALPINA
1080 103 1205 143 FRRN
1237 114 1477 145 DALARNE.
1583 108 1633 146 67

40 218 155 262 tum,
189 213 347 254 eodem
377 213 513 254 modo
545 213 785 255 dentatum
809 220 858 256 ut
886 216 1101 257 rosula-ria
1121 218 1295 267 intima,
1319 220 1520 273 superius
1548 221 1635 271 (vel

41 280 291 334 superiora)
312 279 446 320 valde
467 280 695 321 minutum
713 306 771 310 —
787 281 1199 325 subbracteiforme.
1251 286 1488 327 Praeterea
1509 288 1634 340 apice

41 345 181 388 caulis
210 345 420 387 bracteae
446 349 570 395 2—4,
599 360 654 387 ex
682 360 874 399 quarum
901 348 1047 389 axillis
1080 353 1186 390 1—3
1213 352 1454 404 pedunculi
1482 366 1633 393 mono-

41 411 232 467 cephali,
274 422 311 461 ss
340 412 476 466 longi,
519 412 742 453 acladium
791 417 956 454 10—35
998 429 1090 455 mm
1131 416 1314 470 longum
1356 425 1632 472 superantes,

18 519 20 521 ,
39 479 295 521 tomentelli
325 485 464 532 atque
488 479 753 533 glandulosi,
776 479 878 533 pilis
899 487 1052 522 autem
1072 488 1255 523 tantum
1276 484 1487 525 solitariis
1509 499 1633 539 prae-

41 545 128 587 diti
157 551 339 588 exeunt.
387 546 620 587 Involucra
656 546 939 587 mediocriter
975 561 1149 601 magna,
1179 550 1440 602 primarium
1471 554 1635 591 13-—15

42 625 136 652 mm
168 612 328 661 altum,
365 612 589 666 glandulis
619 612 763 666 longis
801 618 847 653 et
880 614 1162 655 mediocriter
1192 615 1347 669 longis,
1382 617 1633 659 fusco-ceri-

0 713 1 730 ,
41 679 111 720 nis
152 678 226 720 vel
267 680 315 719 in
357 679 630 720 secundariis
673 679 909 732 subnigris,
954 681 1117 721 crebris
1158 682 1348 736 pilisque
1384 683 1479 724 basi
1509 685 1632 738 nigra

0 734 1 752 ¹
40 745 176 800 longa
205 750 251 787 et
281 746 408 800 apice
427 746 571 800 griseo
592 750 663 787 sat
685 746 851 799 sparsis
868 772 926 775 —
943 747 1225 789 mediocriter
1245 751 1505 799 numerosis,
1528 750 1633 791 flos·-

42 812 104 853 cis
135 813 302 866 sparsis
332 812 528 861 obtecta,
563 811 927 866 microglandulis
952 813 1074 854 haud
1098 816 1359 868 conspicuis.
1412 816 1634 870 Squamae

41 879 343 928 atro-virides,
379 879 614 920 interiores
650 878 896 928 dilutiores,
935 879 1121 921 dilutius
1156 880 1385 930 limbatae,
1416 882 1635 936 plurimae

42 945 407 999 angustiusculae
420 971 479 975 ——
490 945 774 987 mediocriter
794 945 927 994 latae,
951 946 1296 997 obtusiusculae‚
1315 949 1555 990 nonnullae
1571 951 1635 990 in—

41 1012 227 1054 teriores
259 1017 478 1066 angustae
508 1017 554 1053 et
584 1017 759 1061 acutae,
795 1026 950 1053 omnes
978 1013 1195 1055 subrectis
1226 1014 1352 1056 lineis
1383 1016 1429 1055 in
1462 1017 1635 1070 apicem

41 1079 516 1133 parce—parcissime
536 1084 768 1120 comatum
789 1083 1067 1121 attenuatae.
1116 1080 1297 1133 Liqulae
1317 1095 1510 1131 croceae,
1532 1083 1634 1124 sub-

43 1145 328 1188 mediocriter
364 1145 538 1200 longae,
584 1146 709 1186 haud
747 1160 879 1199 saepe
918 1146 1213 1201 substylosae,
1260 1161 1400 1201 usque
1442 1151 1505 1197 3,5
1544 1163 1635 1190 mm

40 1211 176 1262 latae,
215 1213 342 1266 apice
378 1212 578 1254 breviter
620 1212 926 1254 denticulatae
963 1213 1099 1267 vulgo
1135 1227 1226 1255 non
1263 1214 1452 1257 ciliatae.
1522 1215 1637 1270 Styli

41 1279 170 1328 fusci,
204 1279 423 1333 stigmata
454 1280 737 1321 virescentia.

158 1345 560 1388 Transtrand:
595 1345 868 1400 Granfjallet
904 1347 1037 1400 ireg.
1078 1347 1166 1401 alp.
1205 1348 1283 1402 (²⁴77
1319 1350 1465 1400 1913);
1499 1348 1635 1390 Hem-

40 1412 190 1466 fjallet
229 1415 312 1468 (¹⁰ls
351 1416 460 1454 1908
502 1413 585 1454 och
621 1414 683 1469 ²¹l⁷
730 1415 838 1453 1913
879 1413 931 1454 G.
975 1413 1323 1466 SAMUELSSON),
1365 1415 1379 1454 i
1414 1414 1636 1468 bjorkreg.

48 1482 128 1536 (¹¹77
158 1482 266 1520 1917
293 1480 353 1521 Κ.
377 1480 699 1533 JOHANSSON),
733 1482 795 1533 (1s8
827 1483 934 1520 1882
961 1480 1020 1521 K.
1049 1480 1098 1521 P.
1126 1480 1494 1534 HAGERSTRoM).

158 1547 321 1589 Denna
341 1546 460 1588 form
482 1548 579 1589 star
604 1548 620 1588 i
641 1547 862 1588 narheten
884 1560 943 1587 av
965 1547 1024 1588 H.
1049 1547 1349 1588 submurorum
1371 1547 1484 1589 LBG.
1538 1548 1638 1589 Den

42 1617 93 1655 ar
115 1627 210 1656 mer
230 1613 339 1656 eller
360 1613 535 1655 mindre
557 1614 761 1668 hogvaxt
784 1614 868 1655 och
890 1615 1056 1668 grenig,
1080 1613 1246 1668 upptill
1268 1613 1420 1668 rikligt
1441 1614 1638 1668 glandel-

42 1681 183 1735 harig.
248 1681 317 1722 De
349 1686 548 1735 yttersta
581 1680 876 1722 basalbladen
910 1684 988 1722 aro
1021 1683 1186 1722 nastan
1218 1680 1501 1722 cirkelrunda
1533 1680 1640 1722 eller

41 1747 212 1790 rundat
250 1747 494 1802 elljptiska,
531 1747 593 1790 de
631 1747 767 1789 flesta
806 1747 971 1789 bladen
1011 1748 1130 1789 hava
1170 1746 1351 1788 sarskilt
1392 1749 1419 1788 a
1457 1747 1637 1790 skafteu

41 1820 163 1857 samt
188 1814 268 1856 vid
293 1815 378 1856 och
402 1816 464 1869 pa
489 1814 787 1856 undersidans
817 1813 1075 1856 medelnerv
1099 1815 1115 1855 i
1139 1813 1270 1867 riklig
1298 1814 1464 1868 mangd
1488 1814 1636 1868 langa,

40 1880 138 1923 sina
174 1882 271 1931 har,
310 1881 633 1935 stjalkbladen,
672 1883 687 1922 i
725 1882 970 1936 synnerhet
1013 1881 1090 1923 det
1127 1880 1233 1922 eller
1270 1881 1325 1922 de
1363 1883 1482 1929 owe,
1523 1884 1639 1922 ⁵<iven

42 1949 275 2002 stjarnhar
308 1950 370 2003 pa
402 1948 547 1990 undre
581 1948 725 1998 sidan‚
763 1948 841 1991 det
875 1948 1012 1990 nedre
1053 1947 1175 2000 (eller
1209 1947 1437 2000 nedersta)
1474 1950 1638 1989 nastau

41 2015 205 2058 endast
253 2017 315 2071 pa
363 2015 694 2058 medelnerven.
777 2015 1016 2069 Ligulerna
1065 2018 1144 2056 aro
1192 2014 1368 2068 knappt
1417 2013 1635 2062 cilierade,

43 2081 328 2125 blommorna
348 2082 494 2124 sallan
515 2082 700 2137 stylosa.
724 2107 782 2112 —
801 2082 903 2123 Den
923 2095 981 2123 av
1002 2082 1032 2123 J
1035 2093 1283 2123 OHANSSON
1304 2085 1444 2134 tagna
1463 2080 1638 2121 formen

41 2151 93 2191 {ir
133 2163 191 2192 en
232 2149 554 2192 modifikation
595 2149 700 2191 med
745 2151 886 2203 nagot
928 2148 1101 2190 mindre
1144 2148 1298 2201 hariga
1340 2147 1422 2188 och
1465 2146 1638 2187 mindre

41 2216 348 2271 etjamhariga
377 2215 485 2258 blad
514 2221 634 2258 samt
664 2218 805 2270 nagot
835 2215 1026 2257 smalare
1055 2213 1320 2256 rosettblad.

157 2340 217 2380 Η.
247 2341 420 2381 lautum
450 2352 494 2380 n.

157 2416 554 2459 Grandiusculum.
616 2417 771 2458 Oaulis
802 2419 971 2457 40—60
999 2429 1069 2456 cm
1099 2414 1232 2462 altus,
1266 2414 1406 2467 magis
1435 2427 1637 2454 ramosus

42 2496 181 2538 quam
202 2484 251 2525 in
271 2484 332 2526 H.
355 2489 580 2526 nummata
601 2489 647 2526 et
668 2482 1004 2538 polycephalus.
1058 2481 1186 2523 Folia
1209 2480 1382 2534 majora
1409 2486 1455 2521 et
1490 2480 1637 2520 minus

40 2549 200 2605 pilosa,
237 2550 398 2592 folium
434 2550 664 2592 eaulinum
702 2551 905 2605 superius
942 2554 1094 2590 autem
1132 2547 1292 2588 subtus
1328 2560 1459 2600 saepe
1496 2546 1637 2599 magis

40 2617 290 2661 stellatum.
369 2617 595 2671 Squamae
634 2616 855 2658 involucri
895 2616 1136 2657 exteriores
1175 2619 1221 2655 et
1263 2613 1435 2654 mediae
1476 2612 1636 2653 saltem

41 2697 204 2740 parum
234 2684 432 2734 latiores,
466 2683 752 2726 mediocriter
782 2683 901 2725 latae
934 2681 1004 2723 vel
1036 2679 1313 2728 latiusculae,
1347 2678 1637 2726 sublineares,

41 2750 101 2793 ad
123 2751 299 2806 apicem
322 2751 472 2806 ipsum
496 2756 651 2793 autem
675 2751 827 2792 subito
851 2754 1131 2791 attenuatae.
1159 2746 1294 2799 vulgo
1319 2745 1453 2799 paulo
1478 2745 1636 2786 obscu-

40 2818 192 2869 riores,
222 2819 365 2873 magis
390 2817 660 2867 concolores,
690 2817 876 2859 obscure
904 2814 1239 2856 virenti-fuscae
1265 2818 1310 2854 et
1337 2812 1637 2857 subnitcntes,

40 2885 276 2928 interiores
305 2898 467 2940 parum
496 2884 570 2926 vel
598 2884 721 2926 haud
751 2883 939 2924 dilutius
968 2881 1201 2928 limbatae3
1233 2878 1471 2933 glandulae
1496 2876 1641 2918 caulis
