1840 3170
229 113 279 143 Μ.
312 111 606 149 ELFSTRAND,
637 112 870 142 HIERACIA
902 114 1074 143 ALPINA
1106 105 1232 145 ΕΒᾸΝ
1262 115 1502 145 DALARNE.
1603 107 1654 147 77

61 217 115 259 lis
133 215 277 258 folioli
295 221 342 258 et
362 216 572 258 bracteae
593 216 702 257 ortis
722 216 984 265 instructus,
1007 217 1181 258 acladio
1205 220 1371 258 16—28
1393 233 1485 260 mm
1505 219 1652 273 longo,

61 283 236 325 inierne
259 296 394 337 parce
413 287 459 324 et
485 281 684 323 breviter
704 282 886 335 pilosus,
920 297 941 323 c
956 298 979 324 e
993 289 1012 325 t
1026 298 1049 324 e
1062 298 1083 324 r
1097 298 1123 325 o
1138 298 1167 337 q
1179 284 1280 324 uin
1311 298 1331 325 s
1344 299 1374 325 u
1388 285 1416 326 b
1431 286 1460 326 d
1474 300 1497 327 e
1510 299 1540 340 p
1553 286 1567 325 i
1582 286 1597 326 l
1610 299 1654 326 a-

62 356 174 399 tus,
211 363 346 404 parce
384 348 606 397 stellatus,
646 348 817 390 inferne
855 349 1232 404 microglandulis‚
1259 351 1306 391 in
1333 353 1490 393 ceteris
1516 353 1656 406 parti-

0 424 1 442 *
62 417 149 458 bus
176 419 210 470 'g
220 415 237 456 l
249 429 276 457 a
288 429 320 456 n
333 416 363 456 d
375 415 495 456 ulis
531 415 590 455 ni
603 428 630 469 g
642 415 725 455 ris
760 416 927 469 partim
950 416 1175 466 brevibus,
1199 418 1366 470 partim
1387 417 1544 472 longis,
1573 433 1593 459 s
1606 433 1656 459 u-

0 514 1 524 ,
21 516 23 518 -
63 497 94 538 p
107 498 132 525 e
143 497 166 524 1·
178 496 210 524 n
222 497 246 524 e
288 496 311 524 c
323 496 346 523 r
358 497 382 524 e
394 482 424 523 b
437 483 486 523 ri
499 496 519 523 s
566 482 789 523 obtectus.
863 482 991 523 Folia
1020 484 1068 523 in
1099 484 1298 537 margine
1330 484 1655 538 microglandu-

62 549 206 599 lisera,
237 549 432 604 plurima
463 553 558 590 sat
597 548 776 589 dense
815 547 1025 602 pilosa,
1058 549 1202 603 pilis
1242 555 1438 591 autem
1477 551 1535 591 in
1574 565 1654 591 su-

64 609 325 671 perficie
364 616 679 670 superiore
721 614 1484 659 brevibus—brevissimis
1528 619 1657 669 (1-2

65 685 197 736 mm),
227 683 277 724 in
305 681 485 737 petiolis
505 687 552 724 et
571 682 620 722 in
639 680 867 722 nonnullis
886 681 1004 723 foliis
1023 682 1284 736 imperfecte
1314 683 1507 725 evolutis
1536 697 1566 737 p
1581 698 1603 725 e
1618 698 1657 724 r-

65 750 265 804 longis
293 751 514 803 (usque
550 751 575 788 6
607 750 737 801 mm),
781 748 1133 801 gracilibus,
1177 750 1414 803 conspicue
1456 750 1656 792 denticu-

64 817 185 866 latis,
218 816 437 858 densis.
508 814 649 864 Folia,
693 827 808 868 quae
848 815 960 856 bene
990 815 1172 857 evoluta
1202 820 1321 864 sunt,
1353 816 1531 870 petiolis
1562 816 1657 857 bre-

66 883 200 925 vibus
217 882 448 937 —longis‚
480 892 516 931 ὲ
543 881 676 922 alatis
706 886 752 922 et
784 882 996 935 margine,
1027 882 1245 936 imprimis
1271 882 1329 922 ad
1350 882 1491 931 basin,
1514 882 1658 924 denti-

66 949 179 992 culis
207 950 365 1005 paucis
394 950 619 990 instructa
637 947 984 1002 ——subintegra‚
1015 948 1232 989 rosularia
1261 948 1344 989 sub
1379 950 1555 990 anthesi
1576 953 1660 988 4—

69 1021 109 1067 7,
143 1030 336 1071 quorum
382 1029 526 1057 unum
571 1014 646 1057 vel
674 1013 804 1069 plura
834 1015 1024 1063 minuta,
1057 1015 1278 1056 exteriora
1307 1015 1588 1056 subrotunda
1604 1041 1662 1044 —

67 1082 551 1139 rotundato-elliptica,
573 1086 862 1136 parce—sat
882 1081 1017 1123 dense
1038 1081 1192 1135 pilosa,
1213 1082 1426 1123 interiora
1445 1081 1536 1123 late
1553 1095 1658 1122 ova-

67 1149 311 1192 lia—late
355 1154 490 1191 ovate
532 1148 695 1197 ovalia,
740 1147 905 1189 obtusa
946 1148 1020 1189 vel
1053 1148 1266 1189 intimum
1295 1148 1523 1189 interdum
1555 1161 1659 1188 ova-

67 1217 172 1260 liter
203 1216 510 1259 lanceolatum
544 1220 591 1257 et
626 1214 970 1264 acutiusculum.
1036 1214 1162 1256 Folia
1196 1214 1373 1255 caulina
1412 1217 1533 1262 1-2‚
1569 1214 1660 1268 ple-

69 1297 262 1338 rumque
306 1287 345 1334 2,
388 1282 575 1324 inferius
605 1292 642 1332 ss
667 1282 781 1323 bene
825 1281 1073 1330 evolutum,
1117 1280 1209 1322 late
1226 1307 1285 1311 —
1300 1286 1489 1335 anguste
1532 1280 1662 1322 ovale

67 1356 117 1393 et
144 1355 346 1400 acutum,
377 1350 583 1404 superius
611 1350 840 1390 minutum
858 1374 917 1378 —
932 1347 1345 1390 subbracteiforme.
1405 1347 1461 1388 In
1489 1346 1662 1388 acladio

68 1423 117 1460 et
138 1419 187 1459 in
208 1416 475 1473 pedunculis
497 1430 638 1471 prope
660 1415 946 1457 involucrum
974 1418 1081 1454 1—-2
1104 1415 1312 1455 bracteae
1335 1414 1662 1455 minutissimae

69 1484 296 1541 glandulis
343 1484 482 1538 nigris
531 1483 756 1526 obtectae.
835 1481 1077 1523 Involucra
1124 1487 1195 1523 sat
1242 1480 1350 1529 lata,
1400 1481 1661 1534 primarium

77 1554 320 1602 ll‚5——l2,5
355 1565 450 1592 mm
486 1550 647 1600 altum,
691 1549 1142 1607 obscurissima,
1181 1547 1469 1602 depilata,
1507 1546 1663 1601 glan-

70 1619 234 1661 dulis
266 1623 422 1660 autem
454 1618 625 1672 partim
658 1616 886 1669 brevibus,
921 1616 1089 1670 partim
1122 1615 1278 1669 longis,
1312 1614 1516 1668 nigris,
1551 1626 1662 1654 cre-

72 1686 198 1729 bris
231 1685 430 1734 obtecta,
458 1698 574 1739 quae
599 1684 661 1725 ad
690 1684 864 1738 apicem
895 1695 1187 1737 squamarum
1217 1682 1264 1722 in
1289 1679 1664 1734 microglandulas

72 1755 223 1809 nigras
258 1757 512 1794 mutantur.
585 1751 811 1805 Squamae
840 1749 1062 1791 involucri
1096 1748 1314 1803 plurimae
1358 1752 1452 1788 sat
1502 1746 1664 1788 latae

70 1826 120 1863 et
149 1819 421 1869 obtusae,
457 1817 860 1866 atro-virides,
890 1816 1221 1858 interiores
1250 1813 1512 1856 dilutius
1546 1812 1665 1853 lim-

74 1888 268 1937 batae,
300 1886 451 1941 plures
480 1885 541 1927 ad
570 1885 794 1940 margines
825 1883 1121 1925 microtrichis
1150 1886 1350 1930 ornatae,
1371 1879 1666 1935 paucissimae

73 1955 263 1997 intimae
295 1953 389 1995 fere
423 1957 552 1995 totae
589 1951 856 2000 subvirides,
895 1955 1115 2004 angustae
1150 1954 1196 1990 et
1233 1953 1407 1989 acutae.
1485 1945 1667 1998 Liqulae

70 2034 270 2070 croceae,
308 2025 404 2062 sat
447 2032 688 2074 parvae,
727 2031 870 2072 usque
900 2020 963 2066 2‚5
990 2030 1083 2057 mm
1115 2015 1248 2063 latae,
1277 2014 1403 2068 apice
1430 2010 1667 2054 denticulis

77 2087 303 2137 brevibus,
332 2086 496 2129 ciliatis
512 2111 572 2117 -—
587 2084 841 2140 subglabris
877 2084 1093 2125 munitae.
1161 2080 1277 2135 Styli
1314 2080 1517 2121 brunnei.

191 2154 352 2196 Idre:
386 2153 612 2207 Salfjallet
647 2153 663 2194 i
699 2165 788 2206 reg.
827 2150 917 2206 alp.
961 2152 1040 2204 (³⁰s7
1083 2151 1226 2201 1918).

191 2220 413 2264 Utmarkt
451 2234 511 2262 av
549 2220 639 2262 den
676 2218 747 2261 till
785 2220 929 2260 storre
967 2216 1097 2258 delen
1135 2218 1300 2257 nastan
1338 2212 1530 2261 harlosa‚
1566 2223 1669 2252 men

75 2287 244 2344 upptill
281 2286 438 2342 rikligt
477 2285 872 2341 svartglandulosa
911 2282 1107 2338 stjalken
1147 2281 1230 2323 och
1269 2278 1573 2333 korgskaften,
1615 2276 1670 2318 de

75 2355 212 2398 korta
243 2355 385 2397 haren
416 2356 444 2396 ἐ,
475 2353 664 2396 bladens
696 2351 903 2394 &versida
941 2350 1013 2403 (de
1046 2351 1072 2389 a
1104 2348 1245 2389 undre
1276 2351 1390 2401 ytan
1421 2348 1500 2387 aro
1531 2345 1672 2397 nagot

76 2422 267 2477 langre),
300 2421 357 2464 de
386 2424 554 2463 nastan
584 2424 754 2469 svarta,
787 2419 826 2472 ej
863 2418 1018 2472 hariga
1044 2428 1146 2456 men
1164 2413 1318 2467 rikligt
1337 2410 1672 2466 glandelhariga

78 2488 314 2538 holkarna,
352 2487 500 2530 vilkas
540 2486 677 2530 flesta
713 2484 814 2541 {1511
851 2488 930 2526 {iro
969 2485 1107 2537 nagot
1146 2480 1283 2522 breda
1322 2479 1405 2520 och
1444 2477 1670 2531 trubbiga,

76 2556 135 2599 de
168 2555 342 2611 ganska
375 2556 488 2604 sma,
523 2553 758 2608 rodaktigt
798 2551 902 2607 gula
937 2549 1153 2605 ligulerna
1188 2547 1271 2588 och
1305 2546 1360 2587 de
1397 2544 1673 2586 msrkbruna

76 2622 253 2666 stiften.

195 2690 268 2732 En
309 2687 494 2744 mycket
533 2686 807 2730 narstaende
849 2684 1047 2736 slakting
1091 2682 1173 2723 har
1214 2679 1273 2722 H.
1315 2675 1674 2721 chamaetrichum

77 2757 95 2798 i
121 2755 482 2810 Riesengebirge.
535 2755 626 2809 Jag
652 2751 900 2795 insamlade
931 2750 1013 2791 dar
1039 2759 1294 2789 sommaren
1327 2748 1434 2785 1910
1460 2745 1473 2784 i
1501 2743 1556 2784 dc
1583 2744 1673 2783 ost-

77 2823 170 2879 liga
199 2822 387 2866 delarna
417 2835 477 2863 av
505 2821 656 2876 fjallet
687 2822 715 2861 a
745 2819 957 2871 Gchi'mge
995 2817 1070 2869 (pa
1099 2813 1269 2867 fjiillets
1300 2809 1674 2862 nordsluttning),

79 2889 159 2932 vid
183 2892 291 2932 ὅντε
314 2888 488 2931 randen
512 2901 570 2930 av
597 2885 908 2941 Riesengruntl
933 2887 1053 2924 samt
1078 2883 1104 2922 a
1128 2880 1205 2922 det
1230 2894 1263 2920 s.
1283 2878 1326 2919 k.
1354 2876 1571 2930 Kiesberg
1600 2875 1676 2929 (pa
