<?xml version="1.0" encoding="UTF-8"?>
<!DOCTYPE html PUBLIC "-//W3C//DTD XHTML 1.0 Transitional//EN"
    "http://www.w3.org/TR/xhtml1/DTD/xhtml1-transitional.dtd">
<html xmlns="http://www.w3.org/1999/xhtml" xml:lang="en" lang="en">
 <head>
  <title>
</title>
<meta http-equiv="Content-Type" content="text/html;charset=utf-8" />
  <meta name='ocr-system' content='tesseract 3.04.00' />
  <meta name='ocr-capabilities' content='ocr_page ocr_carea ocr_par ocr_line ocrx_word'/>
</head>
<body>
  <div class='ocr_page' id='page_1' title='image "./arkivfrbotanik17kung_0879.png"; bbox 0 0 1840 3170; ppageno 0'>
   <div class='ocr_carea' id='block_1_1' title="bbox 229 126 1656 170">
    <p class='ocr_par' dir='ltr' id='par_1_1' title="bbox 229 126 1656 170">
     <span class='ocr_line' id='line_1_1' title="bbox 229 126 1656 170; baseline 0.008 -12"><span class='ocrx_word' id='word_1_1' title='bbox 229 129 280 158; x_wconf 83' lang='lat' dir='ltr'>M.</span> <span class='ocrx_word' id='word_1_2' title='bbox 312 129 610 168; x_wconf 78' lang='lat' dir='ltr'>ELFSTRAND,</span> <span class='ocrx_word' id='word_1_3' title='bbox 642 131 872 162; x_wconf 79' lang='lat' dir='ltr'><strong>HIERACIA</strong></span> <span class='ocrx_word' id='word_1_4' title='bbox 903 134 1079 164; x_wconf 76' lang='lat' dir='ltr'>ALriNA</span> <span class='ocrx_word' id='word_1_5' title='bbox 1109 126 1234 166; x_wconf 66' lang='grc' dir='ltr'>ΕΒᾸΝ</span> <span class='ocrx_word' id='word_1_6' title='bbox 1266 138 1503 168; x_wconf 77' lang='lat' dir='ltr'>DALARNE.</span> <span class='ocrx_word' id='word_1_7' title='bbox 1605 132 1656 170; x_wconf 88' lang='lat'>83</span> 
     </span>
    </p>
   </div>
   <div class='ocr_carea' id='block_1_2' title="bbox 14 233 1655 756">
    <p class='ocr_par' dir='ltr' id='par_1_2' title="bbox 14 233 1655 555">
     <span class='ocr_line' id='line_1_2' title="bbox 14 233 1655 296; baseline 0.005 -22"><span class='ocrx_word' id='word_1_8' title='bbox 14 247 16 249; x_wconf 67' lang='grc'><strong><em>’</em></strong></span> <span class='ocrx_word' id='word_1_9' title='bbox 60 233 296 275; x_wconf 90' lang='lat' dir='ltr'>interiores</span> <span class='ocrx_word' id='word_1_10' title='bbox 344 233 590 283; x_wconf 87' lang='lat' dir='ltr'>dilutiores,</span> <span class='ocrx_word' id='word_1_11' title='bbox 640 234 859 289; x_wconf 74' lang='lat' dir='ltr'>plurimae</span> <span class='ocrx_word' id='word_1_12' title='bbox 906 244 977 279; x_wconf 88' lang='lat' dir='ltr'>sat</span> <span class='ocrx_word' id='word_1_13' title='bbox 1023 238 1156 288; x_wconf 87' lang='lat' dir='ltr'>latae,</span> <span class='ocrx_word' id='word_1_14' title='bbox 1206 241 1437 283; x_wconf 88' lang='lat' dir='ltr'>interiores</span> <span class='ocrx_word' id='word_1_15' title='bbox 1485 256 1655 296; x_wconf 77' lang='lat' dir='ltr'>paucae</span> 
     </span>
     <span class='ocr_line' id='line_1_3' title="bbox 63 301 1654 363; baseline 0.006 -23"><span class='ocrx_word' id='word_1_16' title='bbox 63 304 296 354; x_wconf 79' lang='lat' dir='ltr'>angustae,</span> <span class='ocrx_word' id='word_1_17' title='bbox 336 314 490 342; x_wconf 91' lang='lat' dir='ltr'>omnes</span> <span class='ocrx_word' id='word_1_18' title='bbox 527 301 745 342; x_wconf 82' lang='lat' dir='ltr'>subrectis</span> <span class='ocrx_word' id='word_1_19' title='bbox 782 301 908 344; x_wconf 88' lang='lat' dir='ltr'>lineis</span> <span class='ocrx_word' id='word_1_20' title='bbox 945 305 991 344; x_wconf 89' lang='lat' dir='ltr'>in</span> <span class='ocrx_word' id='word_1_21' title='bbox 1028 306 1199 358; x_wconf 78' lang='lat' dir='ltr'>apicem</span> <span class='ocrx_word' id='word_1_22' title='bbox 1237 313 1515 357; x_wconf 73' lang='lat' dir='ltr'>attenuatae,</span> <span class='ocrx_word' id='word_1_23' title='bbox 1558 308 1654 363; x_wconf 90' lang='lat' dir='ltr'>plu-</span> 
     </span>
     <span class='ocr_line' id='line_1_4' title="bbox 60 366 1654 421; baseline 0.006 -14"><span class='ocrx_word' id='word_1_24' title='bbox 60 366 202 408; x_wconf 84' lang='lat' dir='ltr'>rimae</span> <span class='ocrx_word' id='word_1_25' title='bbox 228 367 354 421; x_wconf 85' lang='lat' dir='ltr'>apice</span> <span class='ocrx_word' id='word_1_26' title='bbox 384 376 420 416; x_wconf 50' lang='grc' dir='ltr'>ἀς</span> <span class='ocrx_word' id='word_1_27' title='bbox 446 372 621 417; x_wconf 90' lang='lat' dir='ltr'>acutae,</span> <span class='ocrx_word' id='word_1_28' title='bbox 649 368 892 410; x_wconf 85' lang='lat' dir='ltr'>nonnullae</span> <span class='ocrx_word' id='word_1_29' title='bbox 917 370 1145 412; x_wconf 89' lang='lat' dir='ltr'>interdum</span> <span class='ocrx_word' id='word_1_30' title='bbox 1179 373 1523 416; x_wconf 89' lang='lat' dir='ltr'>obtusiusculae.</span> <span class='ocrx_word' id='word_1_31' title='bbox 1581 375 1654 416; x_wconf 64' lang='lat' dir='ltr'><em>Le·-</em></span> 
     </span>
     <span class='ocr_line' id='line_1_5' title="bbox 60 432 1655 491; baseline 0.004 -17"><span class='ocrx_word' id='word_1_32' title='bbox 60 432 186 485; x_wconf 82' lang='lat' dir='ltr'>9ulae</span> <span class='ocrx_word' id='word_1_33' title='bbox 220 433 466 483; x_wconf 80' lang='lat' dir='ltr'>vitellinae,</span> <span class='ocrx_word' id='word_1_34' title='bbox 505 434 632 488; x_wconf 85' lang='lat' dir='ltr'>apice</span> <span class='ocrx_word' id='word_1_35' title='bbox 668 434 949 488; x_wconf 84' lang='lat' dir='ltr'>subglabrae,</span> <span class='ocrx_word' id='word_1_36' title='bbox 987 439 1244 490; x_wconf 78' lang='lat' dir='ltr'>parcissime</span> <span class='ocrx_word' id='word_1_37' title='bbox 1280 439 1471 482; x_wconf 86' lang='lat' dir='ltr'>ciliatae.</span> <span class='ocrx_word' id='word_1_38' title='bbox 1541 441 1655 491; x_wconf 69' lang='lat' dir='ltr'>Stvli</span> 
     </span>
     <span class='ocr_line' id='line_1_6' title="bbox 27 487 1605 555; baseline 0.003 -16"><span class='ocrx_word' id='word_1_39' title='bbox 27 509 31 512; x_wconf 88' lang='grc'>’</span> <span class='ocrx_word' id='word_1_40' title='bbox 60 498 321 542; x_wconf 82' lang='lat' dir='ltr'>luteo-fusci</span> <span class='ocrx_word' id='word_1_41' title='bbox 362 499 778 555; x_wconf 82' lang='lat' dir='ltr'>(fusco-hispiduli).</span> <span class='ocrx_word' id='word_1_42' title='bbox 1595 487 1605 495; x_wconf 76' lang='lat'><strong><em>.</em></strong></span> 
     </span>
    </p>

    <p class='ocr_par' dir='ltr' id='par_1_3' title="bbox 68 566 1655 687">
     <span class='ocr_line' id='line_1_7' title="bbox 178 566 1655 627; baseline 0.005 -20"><span class='ocrx_word' id='word_1_43' title='bbox 178 566 338 608; x_wconf 89' lang='lat' dir='ltr'>Idre:</span> <span class='ocrx_word' id='word_1_44' title='bbox 372 566 760 621; x_wconf 74' lang='lat' dir='ltr'>Grovelsjohogda</span> <span class='ocrx_word' id='word_1_45' title='bbox 799 568 814 608; x_wconf 94' lang='lat' dir='ltr'>i</span> <span class='ocrx_word' id='word_1_46' title='bbox 854 568 1096 624; x_wconf 75' lang='lat' dir='ltr'>bjorkskog</span> <span class='ocrx_word' id='word_1_47' title='bbox 1136 585 1255 612; x_wconf 81' lang='lat' dir='ltr'>ovan</span> <span class='ocrx_word' id='word_1_48' title='bbox 1294 573 1416 625; x_wconf 74' lang='lat' dir='ltr'>sjons</span> <span class='ocrx_word' id='word_1_49' title='bbox 1450 574 1655 627; x_wconf 72' lang='lat' dir='ltr'>sydanda</span> 
     </span>
     <span class='ocr_line' id='line_1_8' title="bbox 68 633 325 687; baseline 0.004 -14"><span class='ocrx_word' id='word_1_50' title='bbox 68 633 147 687; x_wconf 65' lang='lat'>(³¹1,</span> <span class='ocrx_word' id='word_1_51' title='bbox 180 636 325 686; x_wconf 87' lang='lat'>1918).</span> 
     </span>
    </p>

    <p class='ocr_par' dir='ltr' id='par_1_4' title="bbox 178 699 1336 756">
     <span class='ocr_line' id='line_1_9' title="bbox 178 699 1336 756; baseline 0.003 -14"><span class='ocrx_word' id='word_1_52' title='bbox 178 699 283 742; x_wconf 73' lang='lat' dir='ltr'>Star</span> <span class='ocrx_word' id='word_1_53' title='bbox 310 700 390 741; x_wconf 81' lang='lat' dir='ltr'>vid</span> <span class='ocrx_word' id='word_1_54' title='bbox 417 703 611 754; x_wconf 73' lang='lat' dir='ltr'>gransen</span> <span class='ocrx_word' id='word_1_55' title='bbox 638 699 711 742; x_wconf 93' lang='lat' dir='ltr'>till</span> <span class='ocrx_word' id='word_1_56' title='bbox 739 700 949 742; x_wconf 79' lang='lat' dir='ltr'>Hieracia</span> <span class='ocrx_word' id='word_1_57' title='bbox 978 703 1336 756; x_wconf 66' lang='lat' dir='ltr'>silvaticisormia.</span> 
     </span>
    </p>
   </div>
   <div class='ocr_carea' id='block_1_3' title="bbox 381 925 1337 980">
    <p class='ocr_par' dir='ltr' id='par_1_5' title="bbox 381 925 1337 980">
     <span class='ocr_line' id='line_1_10' title="bbox 381 925 1337 980; baseline 0.002 -10"><span class='ocrx_word' id='word_1_58' title='bbox 381 925 660 972; x_wconf 63' lang='lat' dir='ltr'>Hier-acia</span> <span class='ocrx_word' id='word_1_59' title='bbox 689 926 1099 980; x_wconf 70' lang='lat' dir='ltr'>subaipestria</span> <span class='ocrx_word' id='word_1_60' title='bbox 1128 929 1337 972; x_wconf 76' lang='lat' dir='ltr'>DAHLsr.</span> 
     </span>
    </p>
   </div>
   <div class='ocr_carea' id='block_1_4' title="bbox 60 1020 1653 1141">
    <p class='ocr_par' dir='ltr' id='par_1_6' title="bbox 60 1020 1653 1141">
     <span class='ocr_line' id='line_1_11' title="bbox 176 1020 1653 1078; baseline 0.001 -16"><span class='ocrx_word' id='word_1_61' title='bbox 176 1020 385 1062; x_wconf 78' lang='lat' dir='ltr'><strong>DAHLST.</strong></span> <span class='ocrx_word' id='word_1_62' title='bbox 414 1020 584 1063; x_wconf 90' lang='lat' dir='ltr'>Adnot.</span> <span class='ocrx_word' id='word_1_63' title='bbox 613 1020 669 1062; x_wconf 88' lang='lat' dir='ltr'>de</span> <span class='ocrx_word' id='word_1_64' title='bbox 696 1021 820 1063; x_wconf 85' lang='lat' dir='ltr'>Hier.</span> <span class='ocrx_word' id='word_1_65' title='bbox 850 1020 1011 1063; x_wconf 86' lang='lat' dir='ltr'>Scand.</span> <span class='ocrx_word' id='word_1_66' title='bbox 1050 1023 1166 1074; x_wconf 87' lang='lat' dir='ltr'>(Act.</span> <span class='ocrx_word' id='word_1_67' title='bbox 1195 1023 1328 1065; x_wconf 89' lang='lat' dir='ltr'>Hort.</span> <span class='ocrx_word' id='word_1_68' title='bbox 1357 1024 1486 1078; x_wconf 87' lang='lat' dir='ltr'>Berg.</span> <span class='ocrx_word' id='word_1_69' title='bbox 1516 1024 1586 1065; x_wconf 86' lang='lat' dir='ltr'>Bd</span> <span class='ocrx_word' id='word_1_70' title='bbox 1615 1027 1653 1072; x_wconf 79' lang='lat'>2,</span> 
     </span>
     <span class='ocr_line' id='line_1_12' title="bbox 60 1089 358 1141; baseline 0.007 -14"><span class='ocrx_word' id='word_1_71' title='bbox 60 1100 105 1129; x_wconf 86' lang='lat' dir='ltr'>n.</span> <span class='ocrx_word' id='word_1_72' title='bbox 137 1089 178 1136; x_wconf 89' lang='lat'>4,</span> <span class='ocrx_word' id='word_1_73' title='bbox 213 1090 358 1141; x_wconf 86' lang='lat'>1894).</span> 
     </span>
    </p>
   </div>
   <div class='ocr_carea' id='block_1_5' title="bbox 176 1205 1086 1330">
    <p class='ocr_par' dir='ltr' id='par_1_7' title="bbox 176 1205 1086 1330">
     <span class='ocr_line' id='line_1_13' title="bbox 637 1205 1086 1260; baseline -0.002 -11"><span class='ocrx_word' id='word_1_74' title='bbox 637 1207 859 1260; x_wconf 85' lang='lat' dir='ltr'>Depilata</span> <span class='ocrx_word' id='word_1_75' title='bbox 888 1205 1086 1248; x_wconf 68' lang='lat' dir='ltr'>Enrs&#39;rss.</span> 
     </span>
     <span class='ocr_line' id='line_1_14' title="bbox 176 1289 524 1330; baseline -0.003 0"><span class='ocrx_word' id='word_1_76' title='bbox 176 1289 234 1330; x_wconf 83' lang='grc' dir='ltr'>Η.</span> <span class='ocrx_word' id='word_1_77' title='bbox 263 1290 450 1330; x_wconf 79' lang='lat' dir='ltr'>stellans</span> <span class='ocrx_word' id='word_1_78' title='bbox 479 1302 524 1330; x_wconf 92' lang='lat' dir='ltr'>n.</span> 
     </span>
    </p>
   </div>
   <div class='ocr_carea' id='block_1_6' title="bbox 58 1365 1655 2897">
    <p class='ocr_par' dir='ltr' id='par_1_8' title="bbox 58 1365 1655 2897">
     <span class='ocr_line' id='line_1_15' title="bbox 177 1365 1654 1422; baseline 0.001 -14"><span class='ocrx_word' id='word_1_79' title='bbox 177 1366 332 1409; x_wconf 78' lang='lat' dir='ltr'>Caulis</span> <span class='ocrx_word' id='word_1_80' title='bbox 366 1365 563 1416; x_wconf 89' lang='lat' dir='ltr'>humilis,</span> <span class='ocrx_word' id='word_1_81' title='bbox 590 1369 758 1407; x_wconf 85' lang='lat'>12—14</span> <span class='ocrx_word' id='word_1_82' title='bbox 777 1380 849 1408; x_wconf 93' lang='lat' dir='ltr'>cm</span> <span class='ocrx_word' id='word_1_83' title='bbox 869 1366 1002 1416; x_wconf 90' lang='lat' dir='ltr'>altus,</span> <span class='ocrx_word' id='word_1_84' title='bbox 1035 1380 1135 1421; x_wconf 88' lang='lat' dir='ltr'>gra</span> <span class='ocrx_word' id='word_1_85' title='bbox 1148 1365 1279 1409; x_wconf 91' lang='lat' dir='ltr'>cilli</span> <span class='ocrx_word' id='word_1_86' title='bbox 1294 1381 1339 1408; x_wconf 92' lang='lat' dir='ltr'>m</span> <span class='ocrx_word' id='word_1_87' title='bbox 1352 1381 1381 1408; x_wconf 91' lang='lat' dir='ltr'>u</span> <span class='ocrx_word' id='word_1_88' title='bbox 1395 1381 1429 1417; x_wconf 91' lang='lat' dir='ltr'>s,</span> <span class='ocrx_word' id='word_1_89' title='bbox 1464 1381 1654 1422; x_wconf 84' lang='lat' dir='ltr'>superne</span> 
     </span>
     <span class='ocr_line' id='line_1_16' title="bbox 59 1432 1654 1489; baseline 0.001 -14"><span class='ocrx_word' id='word_1_90' title='bbox 59 1432 198 1488; x_wconf 89' lang='lat' dir='ltr'>paulo</span> <span class='ocrx_word' id='word_1_91' title='bbox 217 1433 452 1484; x_wconf 87' lang='lat' dir='ltr'>dilatatus,</span> <span class='ocrx_word' id='word_1_92' title='bbox 473 1432 781 1488; x_wconf 80' lang='lat' dir='ltr'>polyphyllus,</span> <span class='ocrx_word' id='word_1_93' title='bbox 804 1432 994 1488; x_wconf 85' lang='lat' dir='ltr'>simplex</span> <span class='ocrx_word' id='word_1_94' title='bbox 1014 1439 1060 1475; x_wconf 93' lang='lat' dir='ltr'>et</span> <span class='ocrx_word' id='word_1_95' title='bbox 1081 1433 1442 1489; x_wconf 91' lang='lat' dir='ltr'>monocephalus‚</span> <span class='ocrx_word' id='word_1_96' title='bbox 1465 1448 1654 1488; x_wconf 86' lang='lat' dir='ltr'>superne</span> 
     </span>
     <span class='ocr_line' id='line_1_17' title="bbox 59 1498 1652 1556; baseline -0.001 -14"><span class='ocrx_word' id='word_1_97' title='bbox 59 1498 162 1556; x_wconf 91' lang='lat' dir='ltr'>pilis</span> <span class='ocrx_word' id='word_1_98' title='bbox 189 1500 289 1542; x_wconf 89' lang='lat' dir='ltr'>basi</span> <span class='ocrx_word' id='word_1_99' title='bbox 316 1500 508 1542; x_wconf 89' lang='lat' dir='ltr'>obscura</span> <span class='ocrx_word' id='word_1_100' title='bbox 535 1499 764 1542; x_wconf 88' lang='lat' dir='ltr'>nonnullis</span> <span class='ocrx_word' id='word_1_101' title='bbox 793 1501 1009 1550; x_wconf 87' lang='lat' dir='ltr'>munitus,</span> <span class='ocrx_word' id='word_1_102' title='bbox 1040 1501 1300 1555; x_wconf 81' lang='lat' dir='ltr'>ceteroquin</span> <span class='ocrx_word' id='word_1_103' title='bbox 1328 1500 1652 1555; x_wconf 78' lang='lat' dir='ltr'>subdepilatus,</span> 
     </span>
     <span class='ocr_line' id='line_1_18' title="bbox 59 1565 1654 1622; baseline -0.001 -13"><span class='ocrx_word' id='word_1_104' title='bbox 59 1565 269 1610; x_wconf 84' lang='lat' dir='ltr'>stellatus</span> <span class='ocrx_word' id='word_1_105' title='bbox 315 1565 391 1609; x_wconf 86' lang='lat' dir='ltr'>vel</span> <span class='ocrx_word' id='word_1_106' title='bbox 437 1580 630 1622; x_wconf 87' lang='lat' dir='ltr'>superne</span> <span class='ocrx_word' id='word_1_107' title='bbox 677 1566 983 1617; x_wconf 88' lang='lat' dir='ltr'>tomentellus‚</span> <span class='ocrx_word' id='word_1_108' title='bbox 1033 1566 1447 1621; x_wconf 84' lang='lat' dir='ltr'>subeglandulosus.</span> <span class='ocrx_word' id='word_1_109' title='bbox 1526 1567 1654 1608; x_wconf 72' lang='lat' dir='ltr'>Folia</span> 
     </span>
     <span class='ocr_line' id='line_1_19' title="bbox 58 1633 1653 1689; baseline -0.001 -14"><span class='ocrx_word' id='word_1_110' title='bbox 58 1634 351 1689; x_wconf 87' lang='lat' dir='ltr'>integerrima</span> <span class='ocrx_word' id='word_1_111' title='bbox 379 1633 455 1676; x_wconf 85' lang='lat' dir='ltr'>vel</span> <span class='ocrx_word' id='word_1_112' title='bbox 484 1633 726 1676; x_wconf 89' lang='lat' dir='ltr'>denticulis</span> <span class='ocrx_word' id='word_1_113' title='bbox 757 1635 913 1689; x_wconf 90' lang='lat' dir='ltr'>paucis</span> <span class='ocrx_word' id='word_1_114' title='bbox 945 1634 1269 1683; x_wconf 84' lang='lat' dir='ltr'>minutissimis,</span> <span class='ocrx_word' id='word_1_115' title='bbox 1300 1633 1653 1675; x_wconf 80' lang='lat' dir='ltr'>mucroniformi-</span> 
     </span>
     <span class='ocr_line' id='line_1_20' title="bbox 60 1699 1653 1752; baseline -0.002 -9"><span class='ocrx_word' id='word_1_116' title='bbox 60 1701 146 1744; x_wconf 85' lang='lat' dir='ltr'>bus</span> <span class='ocrx_word' id='word_1_117' title='bbox 166 1701 359 1744; x_wconf 88' lang='lat' dir='ltr'>munita.</span> <span class='ocrx_word' id='word_1_118' title='bbox 411 1700 505 1744; x_wconf 89' lang='lat' dir='ltr'>Sub</span> <span class='ocrx_word' id='word_1_119' title='bbox 526 1701 705 1743; x_wconf 88' lang='lat' dir='ltr'>anthesi</span> <span class='ocrx_word' id='word_1_120' title='bbox 723 1700 834 1742; x_wconf 85' lang='lat' dir='ltr'>folia</span> <span class='ocrx_word' id='word_1_121' title='bbox 853 1700 1072 1742; x_wconf 89' lang='lat' dir='ltr'>rosularia</span> <span class='ocrx_word' id='word_1_122' title='bbox 1092 1703 1216 1750; x_wconf 77' lang='lat' dir='ltr'>o—3,</span> <span class='ocrx_word' id='word_1_123' title='bbox 1240 1699 1388 1742; x_wconf 86' lang='lat' dir='ltr'>ovalia</span> <span class='ocrx_word' id='word_1_124' title='bbox 1414 1702 1653 1752; x_wconf 84' lang='lat' dir='ltr'>(extrema)</span> 
     </span>
     <span class='ocr_line' id='line_1_21' title="bbox 59 1766 1654 1822; baseline -0.003 -12"><span class='ocrx_word' id='word_1_125' title='bbox 59 1793 119 1799; x_wconf 87' lang='lat'>—-</span> <span class='ocrx_word' id='word_1_126' title='bbox 132 1766 401 1818; x_wconf 83' lang='lat' dir='ltr'>lanceolata,</span> <span class='ocrx_word' id='word_1_127' title='bbox 434 1767 627 1810; x_wconf 88' lang='lat' dir='ltr'>ovaliter</span> <span class='ocrx_word' id='word_1_128' title='bbox 646 1767 900 1810; x_wconf 88' lang='lat' dir='ltr'>lanceolata</span> <span class='ocrx_word' id='word_1_129' title='bbox 918 1767 992 1809; x_wconf 90' lang='lat' dir='ltr'>vel</span> <span class='ocrx_word' id='word_1_130' title='bbox 1010 1766 1516 1822; x_wconf 88' lang='lat' dir='ltr'>lingulato-lanceolata.</span> <span class='ocrx_word' id='word_1_131' title='bbox 1571 1767 1654 1807; x_wconf 91' lang='lat' dir='ltr'>Fo-</span> 
     </span>
     <span class='ocr_line' id='line_1_22' title="bbox 59 1833 1655 1889; baseline -0.002 -13"><span class='ocrx_word' id='word_1_132' title='bbox 59 1834 121 1877; x_wconf 86' lang='lat' dir='ltr'>lia</span> <span class='ocrx_word' id='word_1_133' title='bbox 151 1835 332 1878; x_wconf 88' lang='lat' dir='ltr'>caulina</span> <span class='ocrx_word' id='word_1_134' title='bbox 365 1837 492 1885; x_wconf 87' lang='lat'>6—8,</span> <span class='ocrx_word' id='word_1_135' title='bbox 527 1848 720 1889; x_wconf 89' lang='lat' dir='ltr'>quorum</span> <span class='ocrx_word' id='word_1_136' title='bbox 743 1837 855 1875; x_wconf 85' lang='lat'>4-6</span> <span class='ocrx_word' id='word_1_137' title='bbox 883 1844 920 1883; x_wconf 69' lang='lat' dir='ltr'>ss</span> <span class='ocrx_word' id='word_1_138' title='bbox 946 1834 1058 1876; x_wconf 90' lang='lat' dir='ltr'>bene</span> <span class='ocrx_word' id='word_1_139' title='bbox 1089 1833 1286 1883; x_wconf 84' lang='lat' dir='ltr'>evoluta,</span> <span class='ocrx_word' id='word_1_140' title='bbox 1320 1836 1426 1874; x_wconf 88' lang='lat'>1—2</span> <span class='ocrx_word' id='word_1_141' title='bbox 1447 1845 1655 1887; x_wconf 90' lang='lat' dir='ltr'>suprema</span> 
     </span>
     <span class='ocr_line' id='line_1_23' title="bbox 60 1898 1653 1956; baseline -0.003 -12"><span class='ocrx_word' id='word_1_142' title='bbox 60 1902 378 1952; x_wconf 89' lang='lat' dir='ltr'>minutissima,</span> <span class='ocrx_word' id='word_1_143' title='bbox 410 1910 447 1952; x_wconf 54' lang='grc' dir='ltr'><em>ὲ</em></span> <span class='ocrx_word' id='word_1_144' title='bbox 473 1901 824 1951; x_wconf 84' lang='lat' dir='ltr'>bracteiformia,</span> <span class='ocrx_word' id='word_1_145' title='bbox 851 1901 1003 1943; x_wconf 92' lang='lat' dir='ltr'>omnia</span> <span class='ocrx_word' id='word_1_146' title='bbox 1027 1900 1303 1956; x_wconf 88' lang='lat' dir='ltr'>depetiolata</span> <span class='ocrx_word' id='word_1_147' title='bbox 1326 1904 1372 1942; x_wconf 89' lang='lat' dir='ltr'>et</span> <span class='ocrx_word' id='word_1_148' title='bbox 1400 1909 1436 1949; x_wconf 72' lang='lat' dir='ltr'>ss</span> <span class='ocrx_word' id='word_1_149' title='bbox 1463 1898 1653 1953; x_wconf 88' lang='lat' dir='ltr'>amplec-</span> 
     </span>
     <span class='ocr_line' id='line_1_24' title="bbox 59 1965 1654 2024; baseline -0.004 -12"><span class='ocrx_word' id='word_1_150' title='bbox 59 1970 209 2012; x_wconf 81' lang='lat' dir='ltr'>tentia</span> <span class='ocrx_word' id='word_1_151' title='bbox 227 1968 302 2012; x_wconf 86' lang='lat' dir='ltr'>vel</span> <span class='ocrx_word' id='word_1_152' title='bbox 325 1967 488 2011; x_wconf 80' lang='lat' dir='ltr'>infima</span> <span class='ocrx_word' id='word_1_153' title='bbox 511 1968 693 2024; x_wconf 89' lang='lat' dir='ltr'>petiolis</span> <span class='ocrx_word' id='word_1_154' title='bbox 716 1968 945 2018; x_wconf 82' lang='lat' dir='ltr'>brevibus,</span> <span class='ocrx_word' id='word_1_155' title='bbox 976 1977 1013 2017; x_wconf 71' lang='lat' dir='ltr'>ss</span> <span class='ocrx_word' id='word_1_156' title='bbox 1039 1967 1171 2010; x_wconf 90' lang='lat' dir='ltr'>alatis</span> <span class='ocrx_word' id='word_1_157' title='bbox 1192 1965 1654 2021; x_wconf 86' lang='lat' dir='ltr'>subamplectentibus</span> 
     </span>
     <span class='ocr_line' id='line_1_25' title="bbox 59 2031 1653 2089; baseline -0.003 -12"><span class='ocrx_word' id='word_1_158' title='bbox 59 2036 300 2086; x_wconf 86' lang='lat' dir='ltr'>instructa,</span> <span class='ocrx_word' id='word_1_159' title='bbox 331 2035 588 2078; x_wconf 88' lang='lat' dir='ltr'>lanceolata</span> <span class='ocrx_word' id='word_1_160' title='bbox 618 2035 691 2078; x_wconf 88' lang='lat' dir='ltr'>vel</span> <span class='ocrx_word' id='word_1_161' title='bbox 723 2033 1230 2089; x_wconf 69' lang='lat' dir='ltr'>lingulam-lanceolata,</span> <span class='ocrx_word' id='word_1_162' title='bbox 1263 2039 1412 2075; x_wconf 87' lang='lat' dir='ltr'>cetera</span> <span class='ocrx_word' id='word_1_163' title='bbox 1443 2031 1653 2085; x_wconf 84' lang='lat' dir='ltr'>oblongo-</span> 
     </span>
     <span class='ocr_line' id='line_1_26' title="bbox 59 2097 1654 2150; baseline -0.004 -6"><span class='ocrx_word' id='word_1_164' title='bbox 59 2102 316 2146; x_wconf 90' lang='lat' dir='ltr'>lanceolata</span> <span class='ocrx_word' id='word_1_165' title='bbox 331 2129 391 2134; x_wconf 95' lang='lat'><strong>—</strong></span> <span class='ocrx_word' id='word_1_166' title='bbox 407 2108 544 2146; x_wconf 87' lang='lat' dir='ltr'>ovate</span> <span class='ocrx_word' id='word_1_167' title='bbox 581 2101 835 2145; x_wconf 90' lang='lat' dir='ltr'>lanceolata</span> <span class='ocrx_word' id='word_1_168' title='bbox 872 2106 920 2144; x_wconf 92' lang='lat' dir='ltr'>et</span> <span class='ocrx_word' id='word_1_169' title='bbox 958 2100 1250 2150; x_wconf 86' lang='lat' dir='ltr'>acutiuscula,</span> <span class='ocrx_word' id='word_1_170' title='bbox 1291 2100 1442 2141; x_wconf 90' lang='lat' dir='ltr'>omnia</span> <span class='ocrx_word' id='word_1_171' title='bbox 1477 2097 1654 2139; x_wconf 85' lang='lat' dir='ltr'>caulina</span> 
     </span>
     <span class='ocr_line' id='line_1_27' title="bbox 60 2163 1653 2226; baseline -0.004 -14"><span class='ocrx_word' id='word_1_172' title='bbox 60 2171 354 2226; x_wconf 87' lang='lat' dir='ltr'>utrinque</span> <span class='ocrx_word' id='word_1_173' title='bbox 394 2175 455 2213; x_wconf 89' lang='lat' dir='ltr'>et</span> <span class='ocrx_word' id='word_1_174' title='bbox 496 2170 765 2225; x_wconf 87' lang='lat' dir='ltr'>margine</span> <span class='ocrx_word' id='word_1_175' title='bbox 806 2167 1069 2211; x_wconf 86' lang='lat' dir='ltr'>stellata</span> <span class='ocrx_word' id='word_1_176' title='bbox 1101 2173 1147 2209; x_wconf 91' lang='lat' dir='ltr'>et</span> <span class='ocrx_word' id='word_1_177' title='bbox 1177 2180 1313 2222; x_wconf 87' lang='lat' dir='ltr'>supra</span> <span class='ocrx_word' id='word_1_178' title='bbox 1332 2166 1491 2208; x_wconf 85' lang='lat' dir='ltr'>saltem</span> <span class='ocrx_word' id='word_1_179' title='bbox 1512 2163 1653 2219; x_wconf 91' lang='lat' dir='ltr'>lepto-</span> 
     </span>
     <span class='ocr_line' id='line_1_28' title="bbox 60 2231 1654 2291; baseline -0.006 -11"><span class='ocrx_word' id='word_1_180' title='bbox 60 2237 219 2280; x_wconf 85' lang='lat' dir='ltr'>trichis</span> <span class='ocrx_word' id='word_1_181' title='bbox 237 2237 430 2287; x_wconf 85' lang='lat' dir='ltr'>munita,</span> <span class='ocrx_word' id='word_1_182' title='bbox 451 2237 817 2291; x_wconf 85' lang='lat' dir='ltr'>ceteroquin</span> <span class='ocrx_word' id='word_1_183' title='bbox 850 2234 1258 2290; x_wconf 88' lang='lat' dir='ltr'>subdepilata,</span> <span class='ocrx_word' id='word_1_184' title='bbox 1280 2233 1479 2287; x_wconf 87' lang='lat' dir='ltr'>margine</span> <span class='ocrx_word' id='word_1_185' title='bbox 1499 2231 1654 2272; x_wconf 89' lang='lat' dir='ltr'>micro-</span> 
     </span>
     <span class='ocr_line' id='line_1_29' title="bbox 59 2299 1654 2360; baseline -0.006 -13"><span class='ocrx_word' id='word_1_186' title='bbox 59 2303 286 2360; x_wconf 79' lang='lat' dir='ltr'>glandulis</span> <span class='ocrx_word' id='word_1_187' title='bbox 317 2304 478 2347; x_wconf 88' lang='lat' dir='ltr'>cerinis</span> <span class='ocrx_word' id='word_1_188' title='bbox 509 2317 673 2359; x_wconf 88' lang='lat' dir='ltr'>parum</span> <span class='ocrx_word' id='word_1_189' title='bbox 705 2303 956 2358; x_wconf 87' lang='lat' dir='ltr'>conspicuis</span> <span class='ocrx_word' id='word_1_190' title='bbox 989 2301 1213 2356; x_wconf 88' lang='lat' dir='ltr'>adspersa.</span> <span class='ocrx_word' id='word_1_191' title='bbox 1273 2299 1552 2342; x_wconf 70' lang='lat' dir='ltr'>[molucrum</span> <span class='ocrx_word' id='word_1_192' title='bbox 1583 2302 1654 2338; x_wconf 84' lang='lat' dir='ltr'>sat</span> 
     </span>
     <span class='ocr_line' id='line_1_30' title="bbox 61 2364 1653 2426; baseline -0.006 -13"><span class='ocrx_word' id='word_1_193' title='bbox 61 2384 293 2426; x_wconf 86' lang='lat' dir='ltr'>magnum,</span> <span class='ocrx_word' id='word_1_194' title='bbox 332 2373 500 2413; x_wconf 88' lang='lat'>13-15</span> <span class='ocrx_word' id='word_1_195' title='bbox 531 2384 625 2412; x_wconf 90' lang='lat' dir='ltr'>mm</span> <span class='ocrx_word' id='word_1_196' title='bbox 656 2370 818 2420; x_wconf 88' lang='lat' dir='ltr'>altum,</span> <span class='ocrx_word' id='word_1_197' title='bbox 851 2368 996 2424; x_wconf 89' lang='lat' dir='ltr'>pilis</span> <span class='ocrx_word' id='word_1_198' title='bbox 1028 2378 1064 2418; x_wconf 48' lang='grc' dir='ltr'><em>ὲ</em></span> <span class='ocrx_word' id='word_1_199' title='bbox 1092 2368 1248 2422; x_wconf 87' lang='lat' dir='ltr'>longis,</span> <span class='ocrx_word' id='word_1_200' title='bbox 1282 2364 1534 2421; x_wconf 87' lang='lat' dir='ltr'>gracilibus,</span> <span class='ocrx_word' id='word_1_201' title='bbox 1566 2376 1653 2404; x_wconf 88' lang='lat' dir='ltr'>me-</span> 
     </span>
     <span class='ocr_line' id='line_1_31' title="bbox 61 2430 1652 2494; baseline -0.007 -13"><span class='ocrx_word' id='word_1_202' title='bbox 61 2437 276 2481; x_wconf 88' lang='lat' dir='ltr'>diocriter</span> <span class='ocrx_word' id='word_1_203' title='bbox 297 2463 357 2468; x_wconf 98' lang='lat'><strong>—</strong></span> <span class='ocrx_word' id='word_1_204' title='bbox 382 2451 563 2494; x_wconf 87' lang='lat' dir='ltr'>parce</span> <span class='ocrx_word' id='word_1_205' title='bbox 604 2438 820 2487; x_wconf 90' lang='lat' dir='ltr'>obsitum,</span> <span class='ocrx_word' id='word_1_206' title='bbox 864 2433 1372 2489; x_wconf 85' lang='lat' dir='ltr'>microglandulis</span> <span class='ocrx_word' id='word_1_207' title='bbox 1412 2430 1652 2478; x_wconf 76' lang='lat' dir='ltr'>cerinis,</span> 
     </span>
     <span class='ocr_line' id='line_1_32' title="bbox 61 2497 1653 2560; baseline -0.007 -12"><span class='ocrx_word' id='word_1_208' title='bbox 61 2505 296 2548; x_wconf 82' lang='lat' dir='ltr'>crebris</span> <span class='ocrx_word' id='word_1_209' title='bbox 334 2505 437 2548; x_wconf 81' lang='lat' dir='ltr'>sed.</span> <span class='ocrx_word' id='word_1_210' title='bbox 479 2503 800 2560; x_wconf 83' lang='lat' dir='ltr'>glandulis</span> <span class='ocrx_word' id='word_1_211' title='bbox 850 2503 978 2546; x_wconf 80' lang='lat' dir='ltr'>fere</span> <span class='ocrx_word' id='word_1_212' title='bbox 1019 2502 1224 2543; x_wconf 85' lang='lat' dir='ltr'>nullis.</span> <span class='ocrx_word' id='word_1_213' title='bbox 1296 2500 1524 2554; x_wconf 87' lang='lat' dir='ltr'>Squamae</span> <span class='ocrx_word' id='word_1_214' title='bbox 1554 2497 1653 2553; x_wconf 91' lang='lat' dir='ltr'>plu-</span> 
     </span>
     <span class='ocr_line' id='line_1_33' title="bbox 60 2566 1653 2622; baseline -0.006 -7"><span class='ocrx_word' id='word_1_215' title='bbox 60 2572 205 2617; x_wconf 80' lang='lat' dir='ltr'>rimae</span> <span class='ocrx_word' id='word_1_216' title='bbox 234 2582 272 2622; x_wconf 72' lang='lat' dir='ltr'>ss</span> <span class='ocrx_word' id='word_1_217' title='bbox 299 2577 463 2616; x_wconf 88' lang='lat' dir='ltr'>acutae</span> <span class='ocrx_word' id='word_1_218' title='bbox 501 2578 574 2616; x_wconf 88' lang='lat' dir='ltr'>sat</span> <span class='ocrx_word' id='word_1_219' title='bbox 607 2571 732 2616; x_wconf 88' lang='lat' dir='ltr'>latae</span> <span class='ocrx_word' id='word_1_220' title='bbox 767 2577 814 2614; x_wconf 89' lang='lat' dir='ltr'>et</span> <span class='ocrx_word' id='word_1_221' title='bbox 848 2572 1070 2613; x_wconf 86' lang='lat' dir='ltr'>subrectis</span> <span class='ocrx_word' id='word_1_222' title='bbox 1103 2569 1233 2611; x_wconf 77' lang='lat' dir='ltr'>lineis</span> <span class='ocrx_word' id='word_1_223' title='bbox 1268 2568 1315 2608; x_wconf 86' lang='lat' dir='ltr'>in</span> <span class='ocrx_word' id='word_1_224' title='bbox 1342 2566 1517 2621; x_wconf 85' lang='lat' dir='ltr'>apicem</span> <span class='ocrx_word' id='word_1_225' title='bbox 1539 2571 1653 2607; x_wconf 81' lang='lat' dir='ltr'>atte-</span> 
     </span>
     <span class='ocr_line' id='line_1_34' title="bbox 60 2631 1651 2696; baseline -0.007 -13"><span class='ocrx_word' id='word_1_226' title='bbox 60 2644 247 2690; x_wconf 83' lang='lat' dir='ltr'>nuatae,</span> <span class='ocrx_word' id='word_1_227' title='bbox 275 2640 514 2683; x_wconf 88' lang='lat' dir='ltr'>interiores</span> <span class='ocrx_word' id='word_1_228' title='bbox 545 2655 719 2696; x_wconf 85' lang='lat' dir='ltr'>paucae</span> <span class='ocrx_word' id='word_1_229' title='bbox 749 2644 981 2694; x_wconf 86' lang='lat' dir='ltr'>angustae,</span> <span class='ocrx_word' id='word_1_230' title='bbox 1009 2643 1238 2690; x_wconf 77' lang='lat' dir='ltr'>extremae</span> <span class='ocrx_word' id='word_1_231' title='bbox 1266 2635 1423 2675; x_wconf 84' lang='lat' dir='ltr'>breves</span> <span class='ocrx_word' id='word_1_232' title='bbox 1449 2637 1496 2675; x_wconf 86' lang='lat' dir='ltr'>et</span> <span class='ocrx_word' id='word_1_233' title='bbox 1522 2631 1651 2674; x_wconf 82' lang='lat' dir='ltr'>obtu-</span> 
     </span>
     <span class='ocr_line' id='line_1_35' title="bbox 61 2701 1652 2757; baseline -0.008 -7"><span class='ocrx_word' id='word_1_234' title='bbox 61 2720 152 2757; x_wconf 76' lang='lat' dir='ltr'>sae,</span> <span class='ocrx_word' id='word_1_235' title='bbox 175 2721 332 2751; x_wconf 88' lang='lat' dir='ltr'>omnes</span> <span class='ocrx_word' id='word_1_236' title='bbox 358 2707 649 2751; x_wconf 85' lang='lat' dir='ltr'>atro-virides</span> <span class='ocrx_word' id='word_1_237' title='bbox 667 2733 725 2739; x_wconf 89' lang='lat'>—</span> <span class='ocrx_word' id='word_1_238' title='bbox 742 2707 928 2749; x_wconf 85' lang='lat' dir='ltr'>obscure</span> <span class='ocrx_word' id='word_1_239' title='bbox 948 2702 1274 2751; x_wconf 83' lang='lat' dir='ltr'>fusco—virides,</span> <span class='ocrx_word' id='word_1_240' title='bbox 1291 2701 1523 2743; x_wconf 79' lang='lat' dir='ltr'>interiores</span> <span class='ocrx_word' id='word_1_241' title='bbox 1544 2711 1652 2739; x_wconf 85' lang='lat' dir='ltr'>non-</span> 
     </span>
     <span class='ocr_line' id='line_1_36' title="bbox 58 2764 1654 2830; baseline -0.008 -12"><span class='ocrx_word' id='word_1_242' title='bbox 58 2772 212 2817; x_wconf 80' lang='lat' dir='ltr'>nullae</span> <span class='ocrx_word' id='word_1_243' title='bbox 241 2773 379 2830; x_wconf 85' lang='lat' dir='ltr'>paulo</span> <span class='ocrx_word' id='word_1_244' title='bbox 416 2774 667 2825; x_wconf 84' lang='lat' dir='ltr'>dilutiores,</span> <span class='ocrx_word' id='word_1_245' title='bbox 715 2773 775 2816; x_wconf 86' lang='lat' dir='ltr'>ad</span> <span class='ocrx_word' id='word_1_246' title='bbox 815 2773 1037 2826; x_wconf 78' lang='lat' dir='ltr'>margines</span> <span class='ocrx_word' id='word_1_247' title='bbox 1076 2769 1252 2817; x_wconf 77' lang='lat' dir='ltr'>saltem,</span> <span class='ocrx_word' id='word_1_248' title='bbox 1282 2773 1328 2809; x_wconf 85' lang='lat' dir='ltr'>et</span> <span class='ocrx_word' id='word_1_249' title='bbox 1359 2764 1654 2807; x_wconf 81' lang='lat' dir='ltr'>microtrichis</span> 
     </span>
     <span class='ocr_line' id='line_1_37' title="bbox 60 2834 1652 2897; baseline -0.007 -15"><span class='ocrx_word' id='word_1_250' title='bbox 60 2840 367 2897; x_wconf 88' lang='lat' dir='ltr'>inconspicuis</span> <span class='ocrx_word' id='word_1_251' title='bbox 408 2842 628 2885; x_wconf 85' lang='lat' dir='ltr'>munitae.</span> <span class='ocrx_word' id='word_1_252' title='bbox 671 2841 854 2895; x_wconf 73' lang='lat' dir='ltr'>Liqulae</span> <span class='ocrx_word' id='word_1_253' title='bbox 891 2851 1085 2887; x_wconf 80' lang='lat' dir='ltr'>croceae,</span> <span class='ocrx_word' id='word_1_254' title='bbox 1127 2834 1411 2878; x_wconf 85' lang='lat' dir='ltr'>mediocriter</span> <span class='ocrx_word' id='word_1_255' title='bbox 1449 2844 1652 2886; x_wconf 81' lang='lat' dir='ltr'>magnac,</span> 
     </span>
    </p>
   </div>
  </div>
 </body>
</html>
