1840 3170
137 70 191 106 44
385 76 566 109 ,ARKIV
596 66 691 106 Fon
719 76 951 106 ΒΟΤΑΝῙΚ.
1012 76 1145 105 BAND
1179 64 1244 107 17.
1304 76 1387 106 Nzo
1418 65 1484 108 17.

140 181 469 223 bracteiformis
504 181 552 221 in
587 185 719 235 parte
760 181 990 234 superiore
1032 180 1173 222 caulis
1215 186 1332 231 orto,
1376 181 1629 237 capitulum
1665 184 1754 238 pri-

140 249 332 290 marium
377 252 636 302 superante,
683 247 859 289 acladio
906 250 1077 289 23—30
1121 262 1215 289 mm
1260 248 1409 304 longo.
1474 249 1606 291 Folia
1649 251 1754 292 sub-

138 316 317 357 sordide
344 315 521 364 viridia,
549 315 732 356 densius
761 314 921 369 pilosa,
948 316 1172 370 imprimis
1197 316 1242 357 in
1271 321 1398 358 costa
1422 320 1470 359 et
1494 317 1543 358 in
1567 317 1753 372 petiolo‚

139 384 280 438 magis
323 381 626 436 inaequaliter
669 387 716 424 et
760 383 942 424 densius
987 383 1193 433 dentata,
1239 384 1410 438 partim
1455 384 1753 434 denticulata,

138 451 352 493 dentibus
382 459 418 499 ss
444 449 604 504 longis,
654 451 816 500 acutis,
866 451 1024 505 spinae
1070 450 1164 492 fere
1212 450 1450 501 similibus,
1498 452 1634 494 rectis
1681 452 1755 494 vel
1834 498 1835 501 Ἴ

137 518 372 566 subrectis,
417 522 687 572 anguste—
715 518 885 572 partim
927 517 1020 560 late
1073 518 1444 573 triangularibus,
1487 519 1755 574 patentibus

136 585 554 640 —patentissimis,
592 598 684 626 uno
720 583 924 627 alterove
960 585 1303 628 subretroverso
1340 587 1536 636 munita;
1576 585 1756 628 caulina

137 653 401 694 acuminata
435 651 619 707 petiolis
647 652 878 702 brevibus,
915 653 1065 703 alatis,
1097 653 1237 708 paulo
1267 652 1448 709 planius
1479 653 1754 710 amplecten-

136 720 274 770 tibus,
307 719 498 762 stolonis
526 720 838 762 innovationis
869 721 1046 762 minora
1077 735 1216 775 quam
1241 720 1462 762 rosularia
1486 726 1650 771 cetera,
1674 723 1755 762 mi-

136 802 221 829 nus
266 788 459 829 dentata
502 787 577 829 vel
621 787 919 838 denticulata,
960 788 1130 842 ubique
1164 788 1302 830 dense
1334 793 1381 830 et
1422 787 1556 844 longe
1594 788 1753 844 pilosa.

136 854 382 897 Involucra
420 854 524 910 pilis
558 855 688 910 apice
719 860 1002 906 canescente,
1032 855 1172 911 paulo
1199 855 1402 911 longiore
1434 855 1635 906 obtecta,
1665 857 1754 911 pri-

136 923 331 964 marium
372 922 550 964 circiter
584 925 635 963 15
666 936 760 964 mm
802 922 965 965 altum.
1027 923 1255 977 Squamae
1291 923 1580 966 mediocriter
1617 923 1754 966 latae.

133 989 253 1045 Styli
292 989 510 1044 subnigri.

251 1057 659 1100 Transtrand:
694 1057 968 1112 Hemfjallet
997 1059 1013 1099 i
1039 1072 1130 1113 reg.
1163 1058 1342 1114 subalp.
1382 1059 1463 1115 (²1l⁷
1499 1060 1646 1112 1913).

250 1125 416 1167 Denna
448 1124 569 1167 form
604 1126 697 1167 kan
732 1130 847 1168 utan
881 1126 1057 1168 tvekan
1089 1126 1212 1168 foras
1246 1126 1319 1168 till
1353 1127 1512 1181 alpina
1546 1127 1754 1180 9enuina,

135 1193 279 1235 under
321 1193 401 1236 det
443 1193 505 1235 H.
549 1193 762 1243 alienum,
809 1193 1105 1248 mesophytom
1150 1193 1450 1248 venisloreum,
1494 1193 1755 1248 subvenislo-

133 1274 269 1310 reum,
309 1266 531 1303 armatum
569 1261 655 1303 och
693 1260 986 1303 deltodontum
1023 1264 1187 1303 narma
1224 1263 1292 1317 sig
1330 1261 1595 1304 bastarnica.

250 1385 309 1425 Η.
343 1385 599 1437 megaleion
630 1399 675 1427 n.

251 1463 652 1507 Grandiusculum.
708 1465 865 1507 Caulis
895 1468 1066 1506 22—35
1089 1479 1161 1507 cm
1191 1464 1327 1515 altus,
1358 1464 1682 1507 crassiusculus
1700 1490 1759 1495 ——

131 1546 324 1582 crassus,
375 1532 942 1583 subrectus—curvatus,
993 1538 1066 1576 sat
1113 1532 1247 1588 longe
1293 1532 1480 1588 pilosus,
1528 1532 1755 1583 stellatus,

131 1613 325 1654 superne
355 1599 585 1655 glandulis
615 1601 788 1656 partim
823 1600 1053 1651 brevibus,
1086 1601 1259 1657 partim
1289 1600 1452 1656 longis,
1484 1604 1559 1643 sat
1589 1599 1757 1643 crebris
1820 1619 1823 1659 3

132 1667 359 1718 obtectus,
384 1668 619 1710 interdum
643 1669 837 1724 simplex
860 1673 908 1711 et
931 1667 1304 1724 monocephalus,
1328 1669 1515 1724 saepius,
1532 1682 1754 1719 ramosus,
1818 1665 1823 1723 ζ

131 1735 269 1777 ramis
304 1739 414 1777 1-—3
442 1735 604 1791 longis,
634 1736 918 1792 patentibus,
956 1750 1137 1778 sursum
1166 1736 1384 1786 curvatis,
1416 1735 1756 1792 monocephalis
1818 1790 1819 1793 Ἴ

131 1817 188 1844 ex
209 1802 359 1845 axillis
377 1802 511 1858 longe
531 1803 813 1847 distantibus
837 1804 886 1845 in
905 1808 1038 1860 parte
1058 1803 1285 1854 inferiore,
1309 1803 1460 1846 media
1480 1802 1556 1845 vel
1575 1803 1755 1859 saepius

132 1871 362 1925 superiore
397 1871 554 1922 caulis,
591 1871 770 1914 acladio
808 1875 980 1914 39—60
1015 1886 1111 1913 mm
1150 1871 1301 1927 longo.
1368 1871 1502 1914 Folia
1534 1870 1655 1914 laete
1688 1871 1755 1912 vi-

130 1938 260 1988 ridia,
294 1938 515 1981 rosularia
547 1939 632 1981 sub
665 1940 847 1983 anthesi
886 1942 1013 1990 2—8‚
1047 1939 1230 1995 petiolis
1261 1939 1478 1981 brevibus
1495 1964 1556 1969 —
1585 1938 1755 1981 medio-

131 2006 296 2056 cribus,
339 2011 533 2061 anguste
573 2006 710 2050 alatis
750 2008 992 2057 instructa,
1035 2007 1269 2050 interdum
1311 2021 1456 2049 unum
1497 2006 1755 2049 alterumve

129 2074 362 2116 internum
396 2074 568 2129 petiolo
613 2074 754 2131 paulo
787 2074 925 2118 latius
961 2074 1087 2117 alato
1122 2080 1169 2118 613
1209 2074 1548 2117 1—2-dentato.
1625 2073 1756 2117 Folia

130 2141 350 2183 rosularia
396 2142 623 2185 exteriora
670 2142 873 2198 elliptica
895 2168 955 2174 —
974 2142 1125 2185 ovalia
1172 2142 1247 2185 vel
1294 2142 1493 2185 obovate
1541 2141 1753 2197 oblonga,

131 2209 380 2251 secundum
421 2210 660 2265 margines,
701 2211 750 2252 in
793 2215 926 2267 parte
964 2210 1177 2253 inferiore
1219 2209 1350 2252 nervi
1389 2209 1580 2252 dorsalis
1620 2215 1667 2252 613
1705 2210 1755 2250 in
1805 2232 1807 2234 -

129 2276 301 2331 petiolo
324 2291 461 2332 parce
479 2278 640 2333 pilosa,
661 2278 763 2321 aliis
780 2277 991 2334 partibus
1011 2277 1270 2334 subglabra,
1290 2278 1340 2320 in
1357 2277 1561 2332 margine
1578 2281 1754 2319 remote

130 2343 414 2387 denticulata
430 2352 490 2376 —'
506 2345 700 2389 dentata
732 2346 873 2400 (haud
898 2345 1164 2401 profunde);
1190 2345 1408 2388 interiora
1428 2346 1573 2401 magis
1592 2344 1751 2400 pilosa,

131 2411 282 2454 ovalia
298 2438 358 2442 —
374 2412 571 2468 oblonga
617 2413 691 2456 vel
738 2413 1211 2469 oblongo-lanceolata
1245 2413 1321 2455 Vel
1360 2413 1454 2456 late
1489 2412 1752 2455 sublineari-

130 2479 340 2534 oblonga,
373 2480 540 2523 obtusa
575 2481 650 2524 Vel
685 2481 987 2532 acutiuscula3
1018 2481 1236 2525 intimum
1264 2481 1500 2524 interdum
1528 2479 1751 2523 lanceola—

129 2552 231 2588 tum
252 2552 299 2590 et
319 2552 522 2599 acutum,
546 2549 701 2590 omnia
720 2549 939 2593 interiora
972 2549 1305 2605 praecipue
1346 2562 1534 2604 prope
1575 2547 1754 2590 basin

135 2617 246 2654 1—4
289 2615 583 2659 dentibus
628 2617 741 2672 maj
760 2616 968 2660 oribus
1012 2621 1118 2660 aut
1163 2615 1520 2666 minoribus,
1564 2615 1751 2658 trian-
1796 2652 1799 2655 ,

129 2681 450 2736 gularibus
468 2683 803 2727 —falcatis
850 2684 946 2727 vel
983 2684 1428 2740 unguiculatis,
1461 2697 1574 2739 ang
1591 2683 1752 2726 ustis

130 2749 369 2800 —latis‚
415 2760 452 2799 ss
492 2752 698 2794 acutis
757 2753 1007 2803 munita,
1070 2752 1438 2807 ceteroquin
1491 2752 1750 2806 integer-

129 2817 278 2858 rima
315 2816 411 2860 vel
447 2818 985 2875 subintegerrima.
1045 2819 1176 2863 Folia
1200 2819 1382 2862 caulina
1403 2821 1530 2869 2—-5‚
1555 2831 1750 2874 quorum

135 2887 243 2924 1-2
281 2886 405 2938 (—3)
437 2885 653 2928 inferiora
688 2896 725 2936 ss
757 2887 872 2929 bene
907 2887 1095 2930 evoluta
1129 2892 1177 2930 et
1211 2887 1372 2930 eodem
1396 2886 1534 2929 modo
1557 2885 1752 2928 dentata
