1840 3170
203 127 254 156 M.
285 127 580 164 ELFSTRAND,
613 129 846 160 HIERACIA
875 132 1051 163 ALPINA
1079 124 1205 165 FRAN
1236 136 1473 170 DALARNE.
1579 131 1630 169 49

35 242 193 272 HOUSE
227 229 439 272 lamnade
472 232 643 285 ganska
684 233 897 289 utforliga
934 237 1280 294 beskrivningen
1312 243 1370 295 pa
1402 242 1513 283 hans
1546 243 1628 284 lin-

33 297 243 350 quhtum,
286 300 338 338 ar
379 298 562 352 mycket
603 303 715 340 nara
757 300 890 350 slakt,
934 317 1037 344 men
1077 305 1115 357 ej
1150 306 1347 348 identisk
1389 308 1491 349 med
1523 309 1628 350 den-

33 377 223 405 samma.
276 364 382 404 Med
405 364 493 405 den
516 378 575 404 av
598 365 842 407 HANBURY
871 369 1111 411 avbilclade
1133 371 1308 413 formen
1338 373 1455 425 (fran
1478 376 1628 416 Cairn-

33 443 161 484 gorm
194 430 478 484 Mountains)
521 445 654 485 synes
689 433 748 473 H.
784 435 1042 485 moecelense
1076 451 1185 478 vara
1220 442 1384 480 nastan
1418 440 1626 482 identisk.

149 529 255 571 Var.
282 530 449 584 pilipes
477 544 521 572 n.
551 545 648 572 var.

0 638 1 645 ¹
149 596 316 638 Forma
341 597 399 638 ab
425 597 486 639 H.
511 598 767 650 qroevelensi
798 601 951 654 typico
977 602 1116 651 caule,
1143 605 1292 653 ramis,
1320 605 1436 646 foliis
1463 608 1627 660 praeci-

0 668 1 723 }
32 677 213 718 pueque
238 664 483 706 involucris
511 664 692 706 densius
720 671 765 706 et
793 665 967 720 longius
995 668 1146 722 pilosis
1176 670 1365 712 diversa.

150 730 309 772 Idre:
349 731 577 773 Grovelan
618 731 839 773 nedanffir
880 734 1178 790 Huskl'appen
1219 738 1232 777 i
1275 738 1518 793 bjorkskog
1566 741 1611 794 (17‘

40 800 184 850 19181

1617 772 1630 792 8

149 898 207 938 H.
239 898 580 949 stilbophyllum
611 912 655 939 n.

151 963 306 1006 Gaulis
334 967 504 1005 24-—36
539 978 610 1006 cm
643 965 779 1016 altus,
815 966 1143 1018 subflexuosus,
1173 969 1348 1023 gracilis
1366 984 1627 1021 —crassus‚

33 1043 226 1085 superne
250 1030 537 1072 involucrum
557 1045 713 1074 Versus
738 1033 924 1087 paulum
946 1034 1178 1085 dilatatus,
1201 1037 1388 1091 simplex
1410 1042 1455 1078 et·
1477 1051 1628 1079 mono-

32 1097 262 1152 cephalus,
295 1097 370 1140 vel
400 1112 592 1153 superne
629 1102 737 1140 l-2
768 1114 918 1142 ramos
950 1107 1628 1157 patentes—erecto-patentes

32 1169 81 1206 et
113 1178 292 1206 sursum
321 1174 358 1214 ss
383 1171 611 1215 curvatos,
646 1165 817 1220 longos,
856 1168 1202 1222 monocephalos
1235 1184 1290 1211 ex
1325 1169 1471 1212 axillis
1504 1170 1628 1212 brac-

32 1236 212 1274 tearum
252 1233 478 1286 maiorum
518 1232 592 1274 Vel
632 1234 871 1283 minorum,
917 1235 1146 1276 interdum
1185 1236 1357 1278 inferne
1397 1238 1534 1279 etiam
1574 1252 1628 1279 ex

32 1297 172 1340 axillo
207 1298 352 1340 folioli
386 1313 583 1356 ramum,
602 1314 824 1350 exserens,
862 1301 965 1356 pilis
1002 1303 1167 1356 sparsis
1202 1303 1426 1353 brevibus,
1458 1304 1629 1346 inferne

33 1364 171 1420 paulo
194 1365 472 1420 longioribus
497 1371 544 1408 et
567 1366 834 1422 largioribus
859 1368 1171 1423 glandulisque
1196 1371 1374 1424 sparsis,
1401 1370 1626 1419 brevibus.

32 1446 226 1488 superne
248 1432 387 1488 paulo
416 1433 699 1476 densioribus
729 1440 775 1477 et
798 1434 1088 1489 longioribus,
1118 1436 1254 1490 nigris
1279 1436 1499 1486 obtectus,
1525 1437 1628 1479 stel-

31 1499 168 1550 latus,
200 1513 393 1554 superne
428 1500 735 1543 tomentellus.
797 1501 1035 1543 Acladium
1074 1506 1271 1544 50—100
1306 1517 1399 1544 mm
1429 1503 1626 1558 longum.

33 1566 166 1608 Folia
214 1566 480 1617 firmula,
534 1568 944 1611 nitidiuscule
1006 1569 1247 1619 viridia,
1294 1569 1454 1612 leviter
1490 1570 1628 1612 flave-

32 1635 221 1676 scentia.
271 1634 365 1676 Sub
395 1635 574 1676 anthesi
602 1635 713 1677 folia
742 1635 961 1677 rosularia
983 1638 1108 1686 2-8,
1139 1636 1318 1691 petiolis
1347 1637 1629 1679 mediocriter

32 1700 178 1755 longis
195 1701 428 1756 -longis‚
465 1701 673 1757 plurimis
714 1708 907 1757 anguste
943 1702 1076 1745 alatis
1118 1716 1208 1745 uno
1244 1703 1444 1746 alterove
1474 1709 1627 1745 autem

32 1781 167 1823 saepe
197 1767 336 1810 latius
365 1768 504 1819 alato,
535 1770 778 1819 instructa3
809 1769 1005 1824 plurima
1033 1770 1081 1810 in
1112 1771 1310 1824 margine
1330 1770 1442 1811 etin
1461 1769 1629 1824 petiolo

32 1840 81 1877 et
111 1834 274 1877 subtus
301 1836 351 1876 in
378 1841 506 1878 costa
535 1845 573 1886 ss
596 1836 754 1891 pilosa,
785 1837 1145 1890 ceteroquin
1187 1836 1533 1891 subglabra3
1562 1837 1628 1877 in-

31 1901 215 1944 terdum
247 1915 391 1944 unum
425 1902 680 1946 alterumve
713 1917 909 1958 parvum
938 1903 1012 1945 vel
1042 1904 1268 1945 minutum
1293 1903 1479 1945 stolonis
1502 1904 1628 1944 inno-

31 1969 233 2011 vationis
281 1970 421 2012 etiam
459 1971 509 2012 in
546 1970 870 2025 superficiebus
908 1969 1116 2024 pilosum.
1186 1969 1362 2012 Folium
1402 1969 1628 2011 caulinum

32 2036 239 2092 superius
270 2036 346 2079 vel
377 2038 610 2092 superiora
642 2037 804 2079 subtus
837 2036 989 2079 floccis
1021 2050 1214 2091 quoque,
1243 2037 1327 2078 etsi
1355 2037 1626 2091 parcissime,

33 2095 266 2158 adspersa,
320 2103 452 2146 Folia
483 2104 704 2146 rosularia
745 2105 1462 2159 integerrima—remote
1500 2103 1628 2144 den-

34 2169 318 2221 ticulata,
347 2170 688 2214 denticulis
716 2172 928 2227 paucis
957 2176 1014 2213 et
1039 2169 1627 2218 mucroniformibus,

31 2237 264 2280 interdum
304 2251 397 2280 uno
436 2238 638 2282 alterove
683 2237 913 2281 denticulo
956 2236 1222 2292 triangulari
1243 2262 1301 2267 -
1323 2235 1627 2291 unguiculato,

32 2308 185 2355 acuto,
215 2314 253 2354 ss
276 2304 409 2360 longe
443 2311 712 2348 mucronato
750 2307 798 2347 in
835 2305 1036 2360 margine
1064 2309 1256 2357 utraque
1286 2304 1475 2352 munita,
1506 2308 1628 2344 exte-

31 2371 154 2414 riora
181 2371 380 2415 obovate
409 2372 561 2414 ovalia
591 2372 664 2415 vel
691 2372 784 2415 late
817 2371 966 2414 ovalia
984 2396 1042 2401 —
1057 2370 1249 2413 ovaliter
1278 2369 1485 2424 oblonga,
1514 2369 1629 2410 inte-

32 2438 153 2480 riora
181 2437 377 2494 oblonga
393 2438 935 2493 —lanceolato-oblonga
958 2437 1030 2480 vel
1059 2435 1493 2484 lanceolato-ovalia,
1524 2435 1628 2477 inti-

34 2517 162 2547 mum
195 2505 271 2549 vel
303 2506 468 2549 intima.
501 2507 732 2549 interdum
768 2506 1042 2560 angustiora,
1085 2502 1455 2557 lineari-oblonga
1476 2515 1628 2543 —an·

31 2576 165 2627 gusto
183 2571 453 2616 lanceolata.
506 2573 636 2615 Folia
655 2572 834 2615 caulina
859 2575 980 2621 1—3,
1002 2571 1264 2626 plerumque
1289 2573 1414 2619 2-3,
1437 2581 1628 2624 quorum

31 2637 244 2681 infimum
265 2639 487 2694 (inferius)
504 2640 618 2683 bene
633 2639 883 2688 evolutum,
909 2651 1168 2693 supremum
1195 2636 1435 2691 (superius)
1451 2645 1487 2686 ᾗ
1504 2634 1628 2676 brac-

32 2705 257 2749 teifcrme.
327 2707 568 2750 Praeterea
602 2708 651 2748 in
685 2711 815 2762 parte
851 2706 1076 2760 superiore
1111 2702 1249 2745 caulis
1281 2705 1392 2742 2——4
1422 2702 1630 2743 bracteae

31 2771 219 2816 adsunt.
274 2773 457 2816 Folium
489 2773 702 2816 infimum
733 2772 1192 2826 integerrimum
1232 2768 1327 2811 vel
1362 2768 1629 2811 denticu-

32 2837 113 2882 lis
158 2841 554 2895 paucissimis
604 2841 847 2888 munitum,
892 2838 983 2880 late
1011 2862 1070 2868 ——
1097 2841 1288 2891 anguste
1326 2834 1627 2877 lanceolatum

31 2905 108 2949 vel
148 2905 711 2962 Engulato-lanceolatum‚
761 2920 823 2948 ac
839 2919 867 2946 u
882 2906 996 2946 min
1009 2918 1036 2945 3
1052 2909 1069 2946 t
1083 2917 1111 2944 u
1128 2911 1186 2952 m,
1232 2902 1260 2942 b
1275 2916 1301 2944 3
1314 2898 1466 2963 siQ-se
1481 2901 1570 2943 nsi
1586 2914 1628 2941 m

145 2993 256 3024 Arkio
277 2995 335 3033 Ῑόν
356 2994 504 3026 botanae.
550 2993 649 3024 Band
672 2994 725 3023 17.
773 2992 837 3024 Ν.·ο
863 2993 915 3023 17.
1522 2989 1542 3019 4
