1840 3170
151 71 202 106 64
423 77 575 105 Aizmv
606 66 699 106 Fon
730 76 964 106 BOTANIK.
1026 75 1158 105 BAND
1192 64 1256 106 17.
1318 76 1400 106 Nzo
1430 65 1495 107 17.

270 183 325 222 H.
357 181 714 231 poecilostictum
744 182 953 222 DAHLs'r.

270 261 478 300 DAHLs‘r.
512 259 581 300 De
611 259 736 300 Hier.
768 273 907 300 nonn.
940 259 1103 301 Scand.
1143 260 1261 312 (Act.
1294 260 1429 302 Hort.
1462 260 1596 314 Berg.
1629 260 1702 302 Bd
1733 265 1768 310 l,

156 342 194 367 ¹¹·
245 348 291 434 ¹⁵1
307 329 722 447 (}{Zl:)·NinjaHeb
761 395 841 448 (³77
880 397 1029 447 1906);
1071 394 1348 444 Storsaterm
1383 394 1627 449 Salfjallem
1660 395 1770 437 Gro-

151 461 449 515 velsjohogda
486 461 567 501 vid
611 461 906 515 Grovelsjons
950 462 1176 516 sydanda;
1216 461 1455 516 Lillfjaten
1499 463 1579 519 (²²77
1623 465 1769 515 1906).

153 531 356 570 Sarna:
392 528 636 582 Sarnabyn
674 529 756 583 (²⁰17
795 531 941 582 1906).

270 642 326 682 Η.
358 642 580 682 cin-ulum
612 654 656 681 n.

270 719 426 761 Cauiis
462 722 635 761 22—34
663 734 735 761 cm
770 720 906 770 altus,
945 719 1228 769 2—3-folius‚
1262 729 1298 769 ὲ
1324 719 1570 770 flexuosus,
1601 719 1770 762 medio-

150 789 286 829 criter
328 801 506 828 crassus
546 786 621 829 vel
664 787 1002 837 crassiusculus,
1036 788 1174 829 ramis
1209 791 1323 828 2—4
1353 786 1695 842 monocephalis
1715 813 1773 817 —

151 854 489 909 tet1·acephalis,
517 864 554 904 ss
574 854 735 909 longis,
759 855 1007 897 suberectis
1024 881 1083 884 —
1099 854 1369 910 patentibus
1390 869 1447 897 ex
1468 854 1618 896 axillis
1644 854 1770 896 brac-

150 930 331 964 tearum
363 927 409 964 et
438 921 653 964 foliorum
688 923 1083 977 provenientibus3
1129 923 1245 964 rami
1280 923 1506 978 imprimis
1538 922 1772 964 inferiores

151 990 274 1044 longi
318 1015 377 1020 -
419 989 670 1044 longissimi
715 996 762 1033 et
806 990 945 1046 vulgo
989 990 1293 1045 polycephali,
1338 990 1573 1033 interdum
1616 988 1772 1032 foliolo

153 1058 333 1107 muniti,
368 1058 484 1098 rami
518 1059 719 1112 supremi
758 1058 1041 1113 (pedunculi)
1075 1063 1290 1113 patentes
1315 1064 1361 1101 et
1387 1071 1567 1100 sursum
1592 1057 1773 1099 curvati

152 1125 382 1166 acladium
429 1128 598 1166 10-—40
639 1139 734 1166 mm
775 1126 963 1180 longum
1006 1131 1290 1181 superantes.
1360 1125 1512 1168 Caulis
1545 1125 1770 1174 stellatus,

152 1192 255 1247 pilis
287 1193 467 1248 sparsis,
501 1193 746 1248 gracilibus
770 1193 1089 1248 glandulisque
1112 1194 1293 1248 sparsis,
1315 1193 1492 1236 inferne
1512 1193 1650 1235 modo
1670 1191 1772 1234 soli-

150 1261 281 1302 tariis
300 1260 550 1315 praeditus,
574 1260 803 1302 acladium
827 1260 1164 1316 pedunculique
1184 1261 1455 1311 tomentelli,
1477 1260 1615 1315 vulgo
1635 1258 1773 1316 paulo

151 1328 385 1383 pilosiores
405 1333 546 1382 atque
566 1327 794 1383 glandulis
810 1328 1031 1384 pluribus,
1051 1329 1387 1371 obscurioribus
1402 1328 1773 1383 longioribusque

152 1396 339 1438 obtecti.
406 1396 537 1437 Folia
570 1410 707 1450 parce
742 1396 1203 1451 microglandulifera,
1227 1402 1299 1439 sat
1321 1397 1458 1439 dense
1478 1396 1625 1452 pilosa
1643 1409 1773 1451 prae-

152 1464 310 1506 sertim
344 1464 596 1505 secundum
630 1465 856 1519 margines
889 1470 936 1507 et
968 1466 1017 1506 in
1049 1464 1232 1520 petiolis
1264 1470 1311 1507 et
1353 1465 1518 1507 subtus
1551 1465 1600 1506 in
1629 1468 1771 1512 costa,

151 1531 640 1585 glaucescentia,
702 1532 969 1587 plurima
1022 1533 1250 1588 partim
1309 1532 1540 1575 leviter
1589 1530 1774 1574 viola-

154 1614 174 1641 s
188 1614 210 1640 c
225 1614 248 1641 e
262 1613 293 1640 n
305 1605 326 1642 t
340 1600 356 1641 i
368 1613 409 1649 a,
455 1600 623 1649 omnia,
671 1614 787 1654 quae
830 1600 947 1642 bene
978 1600 1166 1643 evoluta
1198 1605 1320 1650 sunt,
1353 1600 1537 1655 petiolis
1580 1604 1774 1654 anguste

155 1666 289 1709 alatis
311 1672 358 1709 et
380 1668 533 1708 nervis
557 1668 837 1709 secundariis
860 1673 932 1710 sat
955 1669 1210 1723 conspicuis
1233 1673 1412 1710 ornata.
1468 1667 1562 1710 Sub
1593 1667 1774 1710 anthesi

152 1734 264 1776 folia
301 1734 522 1776 rosularia
559 1735 782 1777 nonnulla
820 1736 907 1778 etsi
945 1736 1148 1777 marcida
1180 1736 1445 1778 etiamnunc
1471 1734 1772 1784 remanentia,

156 1805 270 1843 3—8
298 1803 422 1852 viva,
454 1803 682 1845 exteriora
715 1803 809 1846 late
845 1803 997 1845 ovalia
1026 1829 1085 1833 -
1114 1803 1280 1854 ovalia,
1312 1813 1350 1853 ᾗ
1375 1817 1403 1858 g
1416 1818 1438 1845 r
1451 1817 1478 1845 o
1492 1818 1512 1845 s
1525 1818 1546 1845 s
1559 1818 1597 1854 e,
1632 1812 1670 1852 ss
1696 1816 1719 1844 1·
1731 1816 1774 1843 e-

154 1876 326 1920 mote,
363 1879 401 1919 ss
428 1871 863 1925 inaequaliter
910 1871 1187 1922 dentata,
1237 1871 1533 1913 dentibus
1589 1870 1774 1926 pluri-

156 1938 262 1979 mis
291 1938 810 1992 triangularibus,
837 1948 875 1988 ss
897 1940 1115 1989 acutis,
1145 1939 1772 1994 patenibus—paten-

154 2012 172 2047 t
188 2006 236 2046 is
251 2006 435 2048 simis.
489 2006 632 2048 Haud
657 2021 760 2048 raro
782 2007 894 2049 dens
921 2021 1040 2049 unus
1061 2007 1236 2050 alterve
1266 2016 1303 2056 ss
1328 2012 1626 2049 retroversus.
1688 2006 1774 2048 Fo-

154 2073 267 2114 lium
308 2073 383 2116 vel
423 2074 534 2116 folia
576 2074 798 2116 rosularia
838 2075 1058 2117 interiora
1100 2080 1294 2129 anguste
1332 2074 1484 2116 ovalia
1505 2099 1565 2105 -
1581 2072 1776 2116 ovaliter

154 2140 411 2184 lanceolata
428 2168 488 2172 —
502 2141 596 2184 late
637 2142 1154 2197 lingulam-lanceolata,
1186 2152 1224 2192 ss
1249 2157 1271 2184 r
1284 2157 1308 2184 e
1322 2156 1369 2184 m
1381 2157 1410 2185 o
1421 2147 1443 2185 t
1455 2156 1481 2184 e
1520 2157 1545 2184 e
1556 2147 1579 2185 t
1617 2143 1679 2183 in
1691 2155 1719 2182 a
1731 2155 1774 2182 e-

157 2209 430 2261 qualiter
489 2210 764 2260 dentata,
811 2210 1107 2252 dentibus
1152 2210 1265 2264 maj
1284 2210 1494 2252 oribus
1540 2209 1638 2252 vel
1682 2209 1775 2250 mi-

154 2277 424 2328 noribus,
467 2277 975 2333 triangularibus
993 2304 1052 2308 -—
1069 2278 1386 2320 subulatis
1420 2277 1496 2320 vel
1523 2276 1774 2319 nonnul-

155 2343 234 2385 lis
280 2345 947 2400 triangulari-falcatis
966 2372 1024 2376 —
1049 2345 1639 2396 subulato-falcatis,
1683 2358 1775 2400 pa-

156 2418 175 2452 t
191 2427 214 2453 e
228 2425 260 2454 n
271 2413 320 2455 ti
334 2427 354 2454 s
368 2427 387 2454 s
401 2413 417 2454 i
431 2414 505 2454 mi
519 2428 539 2454 s
557 2439 615 2444 —
631 2414 872 2469 proversis.
946 2413 1075 2455 Folia
1101 2413 1282 2456 caulina
1312 2416 1422 2454 1—2
1448 2413 1564 2455 bene
1588 2412 1776 2455 evoluta

153 2479 250 2521 fele
289 2480 450 2522 eadem
489 2480 639 2522 forma
669 2486 716 2523 et
752 2481 913 2523 eodem
948 2481 1087 2523 modo
1119 2481 1314 2524 dentata
1348 2486 1402 2524 ut
1434 2479 1638 2523 rosulare
1668 2480 1775 2522 inti-

158 2560 299 2597 mum,
322 2547 462 2602 paulo
483 2549 764 2603 angustiora,
787 2549 983 2591 ovaliter
1002 2548 1259 2591 lanceolata
1276 2575 1336 2579 -
1350 2547 1622 2598 lanceolata,
1644 2561 1772 2623 supe-

156 2615 249 2656 rius
278 2613 441 2656 folium
471 2616 703 2658 minutum
721 2642 781 2647 —-
797 2617 1156 2659 minutissimum
1187 2621 1235 2659 et
1270 2616 1660 2672 angustissimum,
1692 2615 1775 2657 mi-

156 2687 269 2724 nute
300 2688 346 2725 et
376 2683 681 2737 inaequaliter
701 2683 1037 2727 denticulatum
1057 2684 1133 2726 vel
1153 2689 1391 2726 crenatum
1421 2683 1496 2726 vel
1519 2682 1775 2744 repandum

157 2774 216 2778 —
244 2749 675 2805 subintegerrimum
708 2756 756 2793 et
784 2752 1001 2806 utrinque
1035 2753 1084 2794 in
1111 2756 1240 2794 costa
1268 2751 1432 2794 saltem
1459 2765 1596 2806 parce
1623 2738 1774 2794 stella-

157 2820 273 2857 tum.
322 2816 564 2859 Praeterea
589 2819 638 2860 in
662 2823 794 2873 parte
821 2833 1034 2873 suprema
1055 2819 1198 2861 caulis
1219 2822 1333 2860 2-3
1355 2819 1568 2861 bracteae
1587 2817 1772 2867 adsunt,

159 2890 210 2924 ut
248 2884 388 2926 etiam
425 2885 471 2925 in
508 2885 792 2940 pedunculis.
863 2886 890 2927 I
892 2886 1100 2928 nvolucra
1132 2886 1422 2928 mediocriter
1453 2898 1634 2940 magna,
1679 2899 1701 2927 s
1713 2899 1741 2926 a
1753 2889 1775 2927 t
1812 2942 1815 2945 ι
