1840 3170
232 96 283 127 M.
316 96 610 135 ELFSTRAND,
642 98 873 129 HIERACIA
903 101 1077 132 ALPINA
1106 93 1232 133 FRAN
1264 105 1502 135 DALARNE.
1608 99 1660 138 73

67 213 210 241 unum
239 214 449 254 parvum,
474 200 779 244 lanceolatum
800 204 871 245 vel
892 211 1081 259 anguste
1101 206 1403 250 lanceolatum
1423 210 1497 251 vel
1515 210 1657 264 lingu-

66 266 503 317 lato-lanceolatum,
536 281 656 310 nunc
687 271 808 322 parti
834 271 1032 313 inferiori
1052 273 1125 314 vel
1149 274 1333 316 infimae
1360 276 1498 318 caulis
1522 278 1658 318 inser—

66 338 169 376 tum
205 333 444 387 petiolo
475 344 512 383 ss
543 334 735 389 longo,
768 340 1204 390 angustissime
1243 341 1422 390 alato,
1463 344 1533 384 ad
1571 344 1657 384 ba—

67 400 160 441 sin
196 405 396 442 autem
433 400 705 443 dilatato
735 408 792 445 et
828 404 1371 459 subamplectente,
1403 422 1521 450 nunc
1542 411 1659 450 circa.

20 516 23 520 V
67 466 268 508 medium
298 467 438 509 caulis
467 468 541 509 vel
569 468 708 523 paulo
732 471 935 523 superius
965 478 1010 513 et
1035 477 1134 514 tum
1155 488 1286 527 saepe
1308 476 1658 516 minutissimum

0 569 1 579 ,
67 537 114 575 et
143 534 529 588 angustissimum,
560 540 794 590 praeterea
816 539 926 577 2—3
950 537 1104 579 foliola
1123 539 1456 582 bracteiformia
1474 547 1657 583 tantum

0 588 1 621 ἶ
65 600 115 640 in
152 605 285 655 parte
325 601 552 656 superiore
581 600 735 643 caulis.
787 602 843 644 In
871 603 1038 656 plantis
1063 606 1213 659 parvis
1236 607 1464 648 interdum
1484 608 1657 649 nullum

63 665 226 708 solium
261 667 494 709 caulinum
519 667 755 710 evolutum
785 669 929 712 adest.
973 671 1208 713 Acladium
1229 678 1274 714 et
1296 674 1535 727 pedunculi
1556 675 1657 716 stel—

65 732 163 783 lati,
194 733 420 788 glandulis
452 735 590 790 nigris
621 734 835 777 brevibus
853 762 911 766 -
927 738 1223 780 mediocribus
1245 740 1427 789 obtecti,
1450 741 1657 795 subdepi-

65 799 149 842 lati
168 800 242 842 vel
266 801 403 843 modo
422 801 526 855 pilis
550 801 762 843 solitariis
783 803 932 845 obsiti.
986 805 1216 846 Involucra
1252 820 1296 846 m
1311 820 1418 859 agn
1432 821 1472 856 a,
1510 821 1657 848 cras-

66 881 141 916 sa,
184 868 451 922 primarium
499 872 702 918 13,5—17
744 883 838 910 mm
879 869 1038 920 altum,
1096 871 1406 925 glandulis
1450 873 1655 927 nigris.

66 933 313 984 crebris,
360 934 529 989 partim
557 936 842 977 mediocriter
867 936 1024 991 longis,
1050 938 1216 992 partim
1237 938 1503 993 longissimis
1524 939 1658 981 dense

65 1000 250 1051 vestita,
279 1000 384 1056 pilis
417 1002 529 1044 totis
564 1002 702 1057 nigris
736 1002 810 1044 vel
843 1003 1011 1058 partim
1041 1005 1166 1059 apice
1195 1006 1346 1059 griseis
1377 1006 1660 1048 mediocriter

66 1066 231 1117 densis,
265 1068 314 1109 in
343 1068 548 1123 apicibus
577 1083 871 1123 squamarum
902 1071 1263 1125 microglandulis
1284 1073 1438 1126 paucis
1459 1072 1658 1113 obscuris

65 1138 113 1176 et
141 1148 273 1176 coma
314 1135 513 1177 obtecta.
587 1136 813 1190 Squamae
853 1136 1075 1179 involucri
1107 1137 1394 1188 fusco-atrae,
1425 1139 1658 1180 interiores

65 1201 203 1255 paulo
232 1201 481 1252 dilutiores,
511 1202 945 1253 fusco-virescentes,
976 1204 1194 1258 plurimae
1224 1205 1506 1247 mediocriter
1523 1205 1656 1254 latae,

65 1268 300 1311 interiores
334 1268 473 1323 paulo
508 1270 805 1324 angustiores,
829 1270 1073 1313 nonnullae
1097 1271 1442 1321 obtusiusculae,
1468 1271 1657 1313 nonnul-

64 1334 150 1385 lae,
190 1336 432 1391 praecipue
472 1336 725 1387 interiores,
757 1346 794 1386 :iz
820 1342 995 1379 acutae.
1064 1338 1246 1391 Liqulae
1286 1351 1479 1387 croceae,
1515 1351 1658 1392 mag-

65 1415 189 1453 nae,
231 1417 376 1457 usque
407 1406 433 1443 4
462 1417 556 1444 mm
596 1403 732 1454 latae,
768 1404 882 1446 bene
922 1404 1165 1454 radiantes,
1195 1405 1243 1445 in
1272 1404 1508 1459 superficie
1536 1409 1658 1445 exte-

64 1469 186 1512 riore·
209 1483 344 1524 parce
373 1469 558 1525 pilosae,
589 1471 637 1512 in
665 1472 877 1513 interiore
907 1471 1201 1513 microtrichis
1225 1472 1385 1514 eximie
1408 1470 1658 1513 conforma-

64 1535 126 1578 tis
155 1541 358 1587 ornatae,
393 1537 521 1592 apice
550 1547 587 1587 ὲ
611 1537 912 1592 inaequaliter
941 1538 1258 1588 denticulatae,
1302 1547 1338 1587 ss
1374 1551 1507 1593 parce
1536 1536 1658 1578 cilia—

65 1607 158 1655 tae,
217 1603 337 1659 Styli
370 1603 500 1646 fusci.

181 1669 342 1713 Idre:
377 1670 603 1725 Salfjallet
630 1672 646 1713 i
677 1671 921 1726 bjorkskog
959 1672 1039 1726 (³0l⁷
1070 1675 1217 1725 1918);
1243 1670 1495 1726 Nipfjallet,
1530 1668 1657 1711 »Mol-

64 1741 197 1780 nets»
225 1737 452 1793 sluttning
488 1743 586 1781 mot
615 1737 977 1794 Brynjesvallen‚
1011 1741 1153 1794 nagot
1184 1752 1305 1780 ovan
1335 1739 1660 1792 skogsgransen

70 1805 151 1861 (Ml⁷
186 1807 298 1847 1906
325 1805 412 1848 och
440 1807 489 1861 ⁸l3
524 1808 670 1860 1911).

182 1872 256 1914 En
281 1872 449 1914 vacker
477 1873 562 1914 och
591 1871 877 1927 synnerligen
905 1872 1112 1915 utmarkt
1139 1871 1270 1921 form,
1300 1869 1659 1913 karakteriserad

65 1937 207 1980 bland
240 1944 384 1982 annat
417 1953 478 1981 av
512 1940 601 1982 den
633 1939 739 1994 ffiga
773 1939 942 1994 hariga,
977 1942 1143 1981 nastan
1175 1937 1334 1993 glatta,
1371 1951 1473 1979 men
1505 1935 1659 1990 rikligt

64 2005 404 2061 glandelhariga
440 2006 653 2060 stjfflken,
693 2006 749 2048 de
785 2006 1152 2048 karakteristiskt
1188 2004 1400 2053 tandade‚
1437 2004 1453 2044 i
1488 2003 1659 2044 kanten

65 2072 288 2123 cilierade,
318 2087 423 2116 men
449 2073 581 2128 eljest
607 2077 774 2116 nastan
799 2073 947 2128 glatta
974 2072 1150 2121 bladen,
1180 2071 1235 2113 de
1262 2070 1465 2124 ovanligt
1490 2068 1659 2123 tydligt

64 2138 411 2183 framtradande
453 2140 799 2190 bladnerverna,
844 2140 901 2183 de
943 2139 1047 2182 med
1088 2138 1269 2193 vidgad,
1313 2139 1453 2192 nagot
1495 2134 1658 2177 omfat-

64 2207 206 2250 tande
241 2206 324 2249 bas
357 2206 572 2250 ffirsedda
606 2206 1075 2262 stjalkbladsskaftem
1113 2205 1168 2247 de
1204 2209 1340 2253 stom,
1378 2207 1532 2245 svarta
1566 2200 1659 2243 hol-

65 2273 211 2316 karna
234 2273 340 2316 med
363 2274 495 2317 deras
518 2274 754 2317 kolsvarta
777 2275 861 2316 har
885 2274 969 2316 och
992 2272 1158 2316 talrika
1177 2270 1438 2327 glandelhar
1462 2274 1580 2310 samt
1604 2267 1660 2308 de

65 2345 206 2392 stora,
232 2340 471 2397 morkgula
494 2341 751 2385 kalatierna
777 2341 881 2382 med
906 2340 961 2382 de
987 2338 1270 2395 synnerligcn
1294 2336 1370 2378 val
1390 2334 1659 2378 utvecklade

63 2406 596 2463 ligularmikrotrikerna.

181 2486 233 2528 F.
260 2485 522 2540 ungulatum
551 2500 597 2528 n.
629 2486 662 2528 f.

182 2553 224 2594 A
252 2552 402 2594 forma
440 2554 599 2608 typica
628 2553 698 2594 his
727 2552 848 2594 notis
889 2551 1090 2593 devians.
1150 2547 1299 2591 Caulis
1330 2547 1470 2600 magis
1489 2545 1658 2588 flexuo-

65 2633 156 2669 sus,
187 2618 300 2662 folio
329 2619 445 2661 bene
473 2619 661 2662 evoluto
689 2619 821 2674 longe
855 2617 1076 2673 petiolato
1105 2630 1238 2669 saepe
1271 2614 1485 2655 munitus.
1535 2610 1662 2654 Folia

64 2685 286 2729 rosularia
320 2686 464 2742 magis
495 2686 816 2742 irregulariter,
852 2685 1020 2740 partim
1053 2683 1247 2737 grossius
1282 2680 1486 2727 dentata,
1516 2678 1662 2720 denti-

65 2752 152 2796 bus
180 2752 361 2796 duobus
389 2753 464 2796 vel
493 2755 650 2809 paucis
679 2753 855 2808 magnis
886 2751 1147 2804 sinibusque
1182 2747 1460 2801 interpositis
1479 2744 1661 2800 profun-

65 2819 136 2862 dis
166 2821 360 2863 munita.

181 2887 345 2930 Idre:
379 2886 498 2931 Olan
523 2887 539 2929 i
565 2887 813 2942 bjbrkskog
845 2886 910 2939 (²s⁸
942 2886 1087 2936 1918).
