1840 3170
193 130 243 161 M.
277 130 571 168 ELFSTRAND,
602 131 836 162 HIERACIA
865 132 1042 163 ALPINA
1071 123 1198 164 1112111
1229 134 1469 165 DALARNE.
1581 127 1625 164 ll

29 234 445 289 oblongo-elliptica
462 261 520 265 —
535 235 628 277 late
651 236 918 287 lanceolata,
944 238 1159 279 intimum
1183 239 1413 281 interdum
1439 246 1630 294 anguste

27 301 589 356 lingulato-lanceolatum,
626 304 779 344 omnia
811 304 1111 358 inaequaliter
1143 306 1333 348 dentata
1350 331 1409 336 —
1425 307 1628 349 denticu-

28 368 137 418 lata,
195 368 376 410 dente
444 383 556 410 uno
622 369 898 412 alterove
954 372 1349 414 mediocriter
1406 387 1449 413 m
1465 387 1626 427 agno.

29 434 482 489 triangulari—-
504 437 1306 492 unguiculato-triangulari
1348 446 1405 481 et
1441 439 1627 482 denti-

13 501 183 543 ·'culis
226 501 508 556 pluribus
551 504 803 545 minutis
821 529 879 534 —-
897 506 1476 547 mucroniformibus
1521 521 1628 547 mu·

29 569 87 609 ni
98 573 120 611 t
133 582 174 609 a.
242 568 372 610 Folia
405 569 585 610 caulina
623 572 747 619 3—5‚
791 584 968 612 sursum
1004 571 1138 613 valde
1174 573 1490 622 decrescentia,
1527 573 1628 614 11111-

29 649 155 676 11111111
190 635 263 677 vel
301 636 392 677 duo
420 636 581 678 infima
612 642 684 678 sat
714 636 828 678 bene
857 637 1056 687 evoluta,
1088 645 1280 692 anguste
1308 639 1628 693 linguato-lan—

28 702 219 752 ceolata,
250 716 343 744 uno
373 702 575 745 alterove
605 703 741 744 dente
772 705 951 745 munita
980 705 1054 746 vel
1084 705 1472 760 subintegerrima‚
1501 720 1629 760 supe-

28 769 148 810 riora
176 770 356 811 minuta
371 794 430 799 —
447 770 765 819 minutissima,
788 785 1049 825 supremum
1070 786 1099 812 v
1102 771 1142 813 el
1164 772 1253 813 duo
1274 786 1483 827 suprema
1504 774 1628 814 brac-

0 855 1 870 :
28 835 270 886 testormja,
301 836 455 878 omnia
485 835 939 890 microglandulifera,
962 838 1187 892 glandulis
1212 840 1398 881 minutis
1418 839 1630 882 solitariis

0 887 1 948 l
28 903 353 945 tantummodo
382 903 605 957 praedita.
662 903 690 944 I
693 904 790 945 mol
796 918 959 954 uorum
990 918 1221 959 squamae,
1252 905 1416 960 ligulae
1446 912 1491 948 et
1523 906 1631 960 styli

0 964 2 1026 j
29 975 82 1012 ut
111 970 162 1010 in
190 970 252 1011 H.
284 975 637 1024 macrosyntomo.

143 1037 365 1079 Transt
378 1037 551 1078 rand:
584 1036 831 1091 Narfjallet
862 1038 878 1079 i
908 1052 998 1093 reg.
1032 1038 1121 1094 alp.
1161 1040 1239 1093 (27,
1272 1041 1417 1091 1913).

143 1115 308 1157 Denna
345 1115 464 1156 form
504 1115 710 1157 kommer
749 1119 953 1157 narmast
993 1116 1053 1157 H.
1095 1121 1499 1170 macrosyntomum,
1529 1130 1630 1158 men

27 1181 182 1236 skiljes
211 1181 314 1223 fran
344 1182 433 1223 den
463 1196 624 1236 genom
655 1181 843 1224 bladens
866 1182 984 1224 form
1010 1183 1093 1225 och
1114 1197 1314 1238 svagare,
1337 1182 1480 1225 finare
1499 1183 1631 1225 tand-

28 1261 151 1303 mng.

145 1351 202 1392 11.
232 1354 642 1402 macrosyntomum
671 1364 717 1392 11.

144 1428 217 1471 Ab
240 1428 301 1470 H.
325 1434 520 1482 syntomo
542 1429 699 1484 typico
723 1429 844 1470 notis
870 1428 1164 1483 sequentibus
1188 1428 1432 1470 diversum.
1485 1427 1632 1482 Vulgo

29 1495 415 1551 grandiusculum.
469 1495 624 1538 caulis
656 1498 822 1536 15—27
852 1509 924 1537 cm
946 1495 1081 1545 altus,
1105 1494 1242 1550 vulgo
1263 1496 1405 1550 magis
1431 1494 1631 1543 foliatus‚

29 1577 163 1619 saepe
198 1576 327 1605 ramo
363 1576 456 1605 uno
492 1562 696 1605 alterove
733 1562 1059 1617 monocephalo
1096 1561 1357 1617 longissimo
1393 1560 1634 1603 10110111οτ0

28 1635 181 1673 erecto
217 1643 275 1672 ex
312 1635 445 1685 parte
481 1629 644 1671 infima
681 1628 756 1671 vel
792 1643 921 1671 ramo
957 1628 1093 1684 longo
1131 1635 1281 1671 erecto
1309 1653 1368 1659 ——
1395 1628 1632 1670 suberecto

31 1697 300 1740 bracteisero
328 1711 385 1740 ex
413 1703 544 1752 parte
572 1695 784 1739 inferiore
812 1695 953 1738 caulis
981 1696 1289 1750 proveniente.
1349 1695 1480 1737 Folia
1508 1708 1630 1736 rosu-

29 1763 144 1807 laria
188 1778 323 1820 saepe
368 1765 518 1806 minus
567 1777 823 1814 numerosa,
873 1767 1000 1814 4—7‚
1047 1763 1126 1805 sed
1173 1762 1360 1817 majora,
1409 1761 1633 1804 exteriora

29 1831 231 1889 elliptica
274 1830 349 1874 vel
393 1830 754 1886 ovato-elliptica
771 1856 829 1862 —
845 1829 1261 1885 oblongo-elliptica
1304 1828 1377 1871 vel
1421 1827 1633 1882 oblongo-

29 1898 253 1954 lingulata
282 1904 330 1942 et
359 1912 493 1954 saepe
523 1899 719 1953 grossius
750 1898 956 1947 dentata,
977 1898 1194 1939 interiora
1216 1894 1634 1950 oblongo-linguata

32 1965 360 2009 —lanceolata
405 1965 481 2008 vel
526 1964 846 2008 sublineariter
892 1962 1373 2019 oblongo-lanceolata,
1422 1961 1634 2004 dentibus

33 2034 209 2089 magnis
241 2032 686 2087 subtriangularibus
702 2057 761 2062 —
777 2029 1460 2087 unguiculato-triangularibus,
1490 2028 1635 2070 rarius

34 2101 309 2150 mammatis,
351 2100 531 2154 saepius
560 2109 598 2148 ᾗ
623 2100 783 2149 acutis,
825 2098 963 2154 vulgo
991 2108 1028 2147 ss
1058 2098 1243 2140 remotis
1283 2102 1330 2138 et
1370 2095 1493 2137 haud
1532 2108 1635 2136 raro

31 2167 391 2224 subpinnatifide
431 2166 660 2222 dispositis
693 2165 741 2219 (1.
769 2165 1208 2220 subpinmztisidum),
1239 2161 1635 2216 intermarginibus

44 2245 82 2286 ss
106 2236 264 2291 paucis
310 2234 501 2288 (formae
540 2234 723 2276 sinuum
765 2246 1034 2288 magnorum
1074 2238 1121 2274 et
1161 2230 1527 2286 profundorum),
1568 2229 1634 2269 in-

33 2303 216 2346 terdum
257 2301 542 2358 paucissimis
584 2301 664 2343 sed
706 2301 979 2356 permagnis,
1023 2298 1167 2353 longis
1210 2303 1257 2339 et
1299 2295 1536 2351 profundis
1585 2293 1632 2346 (f.

33 2370 379 2422 corrosimitans)
412 2369 656 2418 instructa3
691 2367 922 2410 interdum
954 2365 1118 2408 talium
1151 2366 1332 2406 sinuum
1366 2376 1482 2404 unus
1515 2360 1636 2403 solus

33 2437 179 2480 adest.
251 2435 382 2479 Folia
422 2434 603 2478 caulina
645 2438 772 2485 3-5,
815 2447 994 2476 sursum
1035 2432 1169 2474 valde
1210 2429 1527 2477 decrescentia,
1569 2428 1652 2468 in··

33 2503 198 2547 fimum
227 2513 265 2553 ss
290 2504 405 2546 bene
438 2502 690 2552 evolutum,
725 2500 1031 2544 lanceolatum
1065 2498 1138 2540 vel
1173 2503 1363 2551 anguste
1396 2494 1635 2550 lingulato-

34 2570 354 2620 lanceolatum‚
397 2570 552 2613 omnia
590 2569 744 2612 floccis
785 2573 832 2610 et
872 2566 1155 2622 leptotrichis
1195 2578 1328 2618 saepe
1370 2562 1505 2604 modo
1535 2574 1635 2616 par-

35 2639 212 2682 cissime
250 2637 472 2694 praedita.
540 2636 822 2679 Involucrum
864 2636 1067 2683 13,5—-l5
1097 2645 1189 2673 mm
1218 2630 1378 2679 altum,
1407 2627 1635 2671 interdum

37 2706 186 2749 minus
217 2705 428 2762 pilosum.
489 2703 717 2758 Squamae
749 2701 1122 2744 submediocriter
1152 2698 1273 2740 latae
1303 2695 1377 2739 vel
1407 2694 1636 2738 interdum

36 2773 333 2828 angustiores.

153 2849 558 2894 Transtrand:
602 2846 873 2902 Hemfjiillet
919 2846 999 2899 (ΠΙ,
1046 2847 1189 2896 1913).
1246 2842 1432 2883 Lima:
1477 2838 1638 2881 Hund-

36 2917 186 2973 {janot
211 2919 229 2960 i
253 2931 344 2973 reg.
374 2916 464 2972 alp.
499 2917 579 2972 (Ὗ,
613 2918 758 2968 1913).
