1840 3170
163 91 214 129 20
438 96 592 126 ARKIV
622 86 716 126 Fon
747 94 979 125 ΒοΤΑΝιΚ.
1040 93 1174 123 BAND
1206 81 1268 124 17.
1327 92 1411 123 Nzo
1440 81 1504 124 17.

279 203 488 244 Sarna:
536 199 804 254 Fulufjallet
844 201 908 253 (¹la
947 202 1092 251 1913).
1158 198 1568 240 Transtrand:
1625 199 1772 240 Koar-
1839 223 1840 232 κ

161 269 439 323 ⁸‹karsfjallet
477 269 557 320 (²²s7
596 270 740 320 1913).

278 335 645 378 Kannetecknad
672 334 812 375 bland
840 338 984 376 annat
1011 348 1070 375 av
1097 335 1166 375 sin
1192 333 1399 375 rikedom
1426 335 1487 388 pa
1510 332 1648 388 langa
1674 333 1771 383 har,

162 405 349 446 bladcns
377 416 660 458 sparsamma
687 401 771 443 och
798 406 969 456 ytterst
996 401 1092 442 fina
1119 401 1345 455 tandning
1373 401 1457 442 och
1484 400 1571 443 den
1599 401 1774 455 ganska

161 478 284 514 stora
318 470 485 512 holken
520 470 623 511 med
657 470 713 511 dc
746 469 1017 523 jamnbreda
1051 469 1134 510 och
1168 468 1389 523 t'amligen
1422 467 1568 510 smala
1597 467 1772 522 fjallen.
1834 481 1838 490 ’

278 573 333 613 Η.
364 572 748 621 nematophyllum
780 584 823 611 n.

278 639 434 680 (aulis
472 638 651 679 circiter
694 640 745 678 16
784 651 855 678 cm
900 636 1036 686 altus,
1077 637 1271 692 simplex
1315 642 1362 679 et
1401 635 1771 691 monocephalus,
1809 650 1811 667 ²

160 706 351 761 gracilis,
397 705 677 753 folioliferus,
725 704 909 760 pilosus,
957 704 1180 754 stellatus,
1228 703 1568 759 glanduliferus.
1643 703 1775 746 Folia

160 789 317 829 parva,
367 773 470 828 pilis
517 772 775 827 gracilibus,
824 771 1045 814 rosularia
1094 775 1220 821 3-—8,
1271 785 1465 826 quorum
1512 771 1644 827 plura
1688 772 1774 813 sub

160 842 339 883 anthesi
380 841 583 882 marcida
621 845 875 890 remanent,
916 841 1062 882 rarius
1108 844 1218 881 1-8
1257 840 1462 895 vigentia
1495 838 1771 889 subsistunt3
1810 853 1813 890 ξ

160 910 387 951 exteriora
434 907 961 963 spathulato-lingulata,
996 908 1214 949 interiora
1244 907 1338 949 late
1367 933 1426 938 —-
1447 911 1640 962 anguste
1667 920 1773 948 ova-
1811 928 1814 950 ι

159 977 232 1026 lia.
277 977 432 1018 omnia
473 976 892 1017 minutissime
945 975 1353 1026 denticulata,
1388 973 1630 1017 denticulis
1676 987 1774 1015 mu-
1807 968 1815 1027 ἶ

160 1044 507 1086 croniformibus
528 1069 586 1073 -—
607 1042 1141 1093 submucroniformibus3
1181 1042 1362 1084 caulina
1394 1043 1572 1085 circiter
1600 1045 1639 1092 4,
1671 1040 1774 1083 infi-
1807 1054 1816 1126 3

160 1126 285 1153 mum
318 1111 465 1153 solum
495 1110 748 1161 evolutum,
782 1110 914 1165 longe
938 1110 1226 1166 petiolatum‚
1254 1115 1447 1165 anguste
1466 1108 1774 1152 lanceolatum
1809 1126 1817 1184 ἲ

159 1205 217 1209 —
246 1184 439 1234 anguste
487 1178 1055 1233 lingulato-lanceolatum,
1105 1178 1322 1221 obtusum
1352 1203 1411 1208 ——
1438 1176 1774 1220 acutiusculum
1806 1189 1817 1246 ξ

159 1247 422 1302 parcissime
458 1252 505 1289 et
542 1247 845 1288 minutissime
882 1245 1218 1288 denticulatum
1247 1271 1306 1276 —
1328 1245 1773 1300 subintegerrimum,
1809 1248 1817 1287 '4

159 1319 365 1357 cetera
411 1328 601 1369 parva
630 1314 1144 1364 —minut-issima,
1193 1318 1454 1368 anguste
1493 1312 1772 1362 linearia,
1806 1304 1808 1311 ⁸

159 1396 372 1437 suprema
401 1381 755 1423 bracteiformia.
804 1381 1088 1423 [molucrum
1110 1396 1308 1438 parvum
1326 1407 1385 1412 —
1402 1380 1776 1423 submediocriter
1804 1419 1806 1421 ,

159 1463 391 1504 magnum,
419 1452 625 1499 11‚5—l3
663 1463 757 1490 mm
793 1449 956 1499 altum,
993 1449 1096 1504 pilis
1132 1449 1389 1504 gracilibus,
1429 1447 1775 1491 canescentibus

159 1518 257 1559 basi
278 1518 407 1572 nigra
427 1517 746 1572 glandulisque
763 1517 978 1559 brevibus
993 1517 1350 1559 -mediocriter
1365 1516 1525 1571 longis,
1541 1515 1772 1565 tenuibus,

159 1586 321 1626 cerinis
350 1585 526 1627 modice
555 1586 777 1627 Vestitum
808 1590 948 1639 atque
978 1584 1488 1639 microglanduliferum.
1547 1583 1776 1638 Squamae

157 1653 380 1694 involucri
411 1658 483 1695 sat
513 1652 787 1703 concolores,
810 1652 999 1694 obscure
1025 1651 1357 1702 fusco-virides,
1388 1651 1671 1702 lineares,
1699 1665 1775 1693 ex-

157 1721 345 1762 teriores
376 1725 423 1762 et
454 1720 633 1762 mediae
663 1720 952 1762 mediocriter
980 1720 1104 1762 latae
1122 1719 1582 1775 -angustiusculae,
1624 1728 1662 1769 :13
1695 1718 1798 1778 ob·-

157 1794 303 1839 tusae,
335 1802 428 1830 una
459 1788 665 1831 alterave
695 1788 769 1830 vel
799 1802 974 1843 paucae
1002 1789 1193 1830 intimae
1224 1788 1573 1842 angustissimae
1602 1791 1650 1830 et
1669 1801 1798 1847 acu-¹

158 1856 374 1898 tissimae.
447 1855 632 1909 Liqulae
670 1856 958 1898 mediocriter
996 1869 1189 1910 magnae
1227 1855 1301 1897 vel
1337 1869 1421 1910 pro
1459 1855 1776 1910 magnitudine

158 1923 380 1965 involucri
420 1928 493 1966 sat
534 1937 740 1978 magnae,
783 1937 927 1978 usque
959 1926 982 1965 3
1013 1937 1107 1964 mm
1146 1923 1283 1974 latae,
1314 1923 1442 1978 apice
1474 1922 1700 1978 profunde
1728 1926 1776 1965 et

157 1991 459 2045 inaequaliter
504 1991 815 2033 denticulatae
859 1996 906 2033 et
949 2005 1086 2046 parce
1130 1991 1325 2033 ciliatae.
1401 1990 1517 2045 Styli
1558 1989 1773 2041 sublutei,

158 2072 322 2112 parum
351 2059 638 2100 virescentes.

275 2125 436 2168 Idre:
469 2131 645 2182 toppen
668 2140 728 2168 av
751 2126 1028 2181 Loskjevala
1058 2127 1137 2183 (²77
1167 2128 1314 2180 1906).
1738 2146 1742 2149 -

275 2194 386 2236 Latt
423 2193 717 2248 igenkannlig
753 2196 815 2249 pa
852 2194 909 2236 de
946 2194 1116 2236 talrika
1153 2195 1253 2236 sma
1290 2193 1471 2244 bladen,
1511 2193 1568 2236 de
1604 2197 1776 2249 ytterst

157 2260 247 2302 sint
278 2261 483 2304 tandade
520 2261 848 2311 rosettbladen,
883 2261 939 2303 de
970 2266 1140 2317 ytterst
1172 2261 1317 2304 smala
1348 2261 1420 2304 till
1450 2264 1618 2305 nastan
1649 2260 1774 2304 trad-

159 2327 302 2369 smala
341 2331 449 2371 ovre
488 2329 812 2383 stjalkbladen,
855 2329 910 2371 de
949 2329 1222 2384 jamnbreda
1261 2328 1532 2384 holkfjallen
1568 2333 1656 2372 etc.

277 2431 331 2470 Η.
362 2431 564 2472 listrium
595 2444 639 2472 n.

276 2497 432 2538 C'aulis
462 2500 634 2539 22—26
670 2512 742 2540 cm
772 2497 909 2548 altus,
947 2498 1281 2549 subflexuosus,
1318 2497 1513 2553 simplex
1541 2502 1588 2540 et
1618 2511 1774 2540 mono-

158 2564 374 2618 cephalus
409 2565 482 2606 vel
516 2579 698 2606 ramum
733 2579 878 2607 unum
914 2580 971 2607 ex
1006 2565 1147 2608 axillo
1179 2565 1278 2607 folii
1313 2565 1514 2620 supremi
1547 2577 1772 2614 exserens,

159 2631 384 2681 stellatus,
431 2631 741 2686 glandulosus,
797 2632 974 2688 longe
1026 2638 1084 2676 et
1128 2633 1257 2676 dite
1312 2632 1565 2688 pilosus.
1643 2631 1776 2674 Folia

158 2697 335 2752 longe
377 2704 434 2741 et
469 2699 598 2741 dite
634 2699 849 2754 pilosa,
893 2701 943 2743 in
985 2701 1188 2755 margine
1238 2701 1465 2756 partim
1513 2701 1774 2755 integer-

158 2766 321 2816 rima,
359 2768 587 2820 partim
624 2767 844 2811 obtuse
879 2782 982 2810 nec
1014 2768 1319 2823 profunde
1348 2773 1617 2818 crenata,
1649 2780 1774 2822 par-

159 2834 265 2873 tim
307 2833 1014 2877 obtuse—acutiuscule
1057 2840 1116 2878 et
1155 2835 1579 2889 inaequaliter
1619 2835 1782 2889 sinu--

159 2900 688 2952 ato-denticulata,
740 2902 1080 2944 denticulis
1129 2904 1359 2957 paucis;
1414 2901 1635 2944 rosularia
1688 2900 1778 2944 sub*
