1840 3170
234 109 287 137 M.
319 108 612 146 ELFs'rRAm),
645 109 875 139 ΗΙΕΒΑΟΙΑ
904 111 1081 141 ALPmA
1109 102 1235 141 FRAN
1268 114 1506 144 DALARNE.
1608 107 1660 146 79

69 212 190 254 deles
215 217 372 253 svarta
397 211 632 266 korgskaft
661 213 743 253 och
765 214 936 263 holkar,
960 223 1113 257 svarta
1134 216 1395 269 glandelhar
1421 218 1520 268 (och
1542 217 1658 266 har).

70 282 194 320 annu
222 292 553 332 sparsammare
584 279 814 331 stj'arnhar
846 282 871 320 a
902 283 1081 323 oversta
1102 283 1410 335 stjalkbladet,
1435 298 1536 325 men
1557 285 1658 337 tyd-

69 345 153 399 ligt
183 345 392 386 cilierade
421 344 758 399 ligulartander.

186 468 245 508 Η.
276 468 650 519 megistadenium
682 480 725 507 n.

189 545 344 586 Caulis
375 548 545 585 27—48
575 558 647 586 cm
684 543 769 586 alt
785 559 861 593 us,
901 546 1132 587 subrectus
1159 547 1229 588 vel
1249 548 1559 589 subflexuosus
1587 549 1661 598 (ad

71 611 182 654 folia
215 625 348 666 saepe
383 611 702 665 geniculatus),
737 611 1018 653 mediocriter
1049 628 1220 654 crassus
1239 614 1498 668 —gracilis,
1536 619 1660 654 1-5-

72 678 301 733 cephalus,
335 693 438 719 raro
471 678 662 732 simplex
696 684 741 719 et
777 679 1137 732 monocephalus‚
1161 680 1295 734 vulgo
1319 695 1506 734 superne
1528 682 1662 721 ramis

78 748 186 786 1--2
217 759 273 787 ex
304 744 453 786 axillis
483 745 785 793 bractearum,
825 759 956 799 saepe
987 746 1124 786 etiam
1159 746 1342 787 inferius
1374 748 1507 788 ramis
1555 750 1661 786 1-2

72 826 129 854 ex
170 811 318 854 axillis
358 811 571 853 foliorum
601 822 637 860 ss
666 811 952 853 evolutorum
994 813 1359 865 provenientibus
1400 814 1659 855 instructus.

72 893 103 934 p
117 892 144 920 a
156 892 178 919 r
190 893 222 919 u
235 893 280 920 m
314 877 400 934 pil
414 892 440 920 o
454 893 474 920 s
487 893 518 919 u
531 893 565 927 s,
602 878 681 920 sed
705 878 925 927 stellatus,
952 892 1140 932 superne
1164 879 1466 928 tomentellus‚
1491 879 1662 920 inferne

74 945 441 1000 microglandulis
466 945 654 987 obsitus.
709 945 839 986 Folia
867 946 1097 1000 perspicue
1121 945 1568 999 microglandulifera,
1597 947 1661 986 in-

73 1011 256 1055 terdum
282 1011 444 1054 leviter
470 1010 1000 1061 violascenti-maculata,
1028 1013 1190 1061 omnia,
1215 1026 1328 1065 quae
1350 1012 1460 1053 bene
1480 1011 1662 1053 evoluta

73 1083 196 1128 sunt,
233 1088 271 1128 ss
295 1092 516 1133 grosse,
554 1088 590 1127 ss
621 1084 863 1127 remote,
896 1088 932 1126 21:
956 1078 1371 1132 inaequaliter
1410 1084 1661 1120 serrato-

74 1145 347 1196 dentata,
388 1145 680 1188 dentibus
715 1145 1299 1200 paucis—pluribus,
1327 1156 1362 1194 ᾗ
1382 1145 1554 1198 longe
1588 1145 1663 1185 di-

74 1213 411 1262 stantibus,
442 1222 480 1262 ss
507 1213 751 1267 magnis,
798 1211 1663 1266 triangularibus—unguicu-

74 1279 737 1334 lato-triangularibus,
771 1280 1158 1320 mucronatis.
1199 1278 1326 1320 Folia
1346 1277 1560 1319 rosularia
1581 1278 1663 1318 sub

75 1346 255 1389 anthesi
291 1350 414 1396 1—7,
449 1360 643 1400 quorum
675 1359 818 1387 unum
850 1345 1100 1387 alterumve
1132 1359 1262 1399 saepe
1296 1346 1534 1393 minutum,
1567 1344 1663 1398 plu-

75 1413 191 1455 rima
227 1419 300 1456 sat
336 1413 468 1468 longe
505 1413 740 1468 petiolata,
780 1417 1034 1454 extremum
1071 1412 1143 1453 vel
1180 1412 1401 1453 exteriora
1437 1410 1663 1452 interdum

75 1493 160 1535 pro
195 1481 356 1522 ceteris
393 1494 552 1535 parva,
592 1479 876 1522 subrotunda
893 1505 951 1509 -—
967 1477 1429 1532 rotundato-elliptica
1467 1476 1539 1518 vel
1575 1476 1666 1517 late

77 1547 402 1598 ovato-ovalia,
429 1561 564 1602 parce
601 1546 867 1599 (secundum
897 1547 1118 1600 margines
1143 1551 1189 1587 et
1214 1545 1374 1586 subtus
1399 1545 1445 1584 in
1470 1548 1596 1584 costa
1620 1550 1665 1584 et⁴

74 1614 125 1656 in
156 1614 338 1669 petiolis
370 1614 509 1670 paulo
544 1614 746 1667 densius)
781 1612 938 1668 pilosa,
975 1611 1212 1654 denticulis
1247 1609 1667 1652 mucroniformibus

77 1679 152 1723 vel
184 1682 356 1736 partim
391 1681 606 1724 dentibus
643 1680 780 1736 paulo
817 1679 1063 1733 majoribus
1099 1684 1145 1720 et
1183 1678 1439 1719 mammatis
1476 1676 1664 1722 munita,

75 1748 293 1792 interiora
330 1748 643 1791 ovato-ovalia
659 1774 717 1778 —
734 1745 1144 1790 ovato-lanceolata
1181 1744 1254 1786 vel
1290 1744 1380 1785 late
1418 1741 1667 1783 lanceolata

77 1821 126 1859 et
151 1814 202 1856 in
228 1815 409 1871 petiolis
437 1816 659 1870 imprimis
687 1814 824 1870 paulo
853 1813 1033 1855 densius
1062 1811 1218 1866 pilosa,
1250 1811 1447 1864 margine
1476 1815 1667 1861 utraque

79 1871 419 1925 2—‘4-dentata.
486 1882 616 1924 Folia
651 1881 830 1924 caulina
870 1882 992 1929 1—2,
1031 1891 1221 1933 quorum
1257 1877 1438 1918 inferius
1474 1875 1669 1916 breviter

78 1975 138 1982 —
152 1954 225 1993 sat
269 1949 402 2004 longe
446 1949 733 2005 petiolatum,
779 1948 872 1990 fere
917 1946 1074 1989 eadem
1120 1944 1278 1993 forma,
1331 1943 1487 1985 eodem
1534 1940 1668 1982 modo

78 2017 322 2060 dentatum
356 2021 404 2059 et
438 2016 634 2072 pilosum
668 2021 722 2058 ut
756 2013 955 2057 rosulare
988 2013 1214 2060 intimum,
1250 2009 1385 2065 paulo
1419 2007 1665 2062 angustius,

78 2085 258 2128 acutius
287 2084 522 2138 magisque
550 2082 851 2137 inaequaliter
880 2081 1134 2127 dentatum,
1165 2079 1211 2119 in
1242 2076 1439 2130 margine
1468 2080 1513 2116 et
1543 2079 1669 2114 costa

79 2165 214 2207 saepe
242 2164 407 2206 parum
437 2150 689 2200 stellatum3
722 2149 925 2203 superius
946 2147 1186 2194 minutum,
1209 2141 1446 2185 denticulis
1468 2140 1667 2187 minutis,

79 2218 299 2274 angustis,
347 2217 480 2272 longe
529 2217 806 2259 mucronatis
854 2214 927 2256 vel
975 2209 1394 2254 mucroniformibus
1444 2207 1668 2248 munitum

79 2285 153 2328 vel
187 2284 418 2328 interdum
456 2284 670 2327 dentibus
706 2281 1000 2338 paucissimis,
1038 2277 1174 2333 paulo
1212 2275 1470 2329 majoribus,
1509 2272 1669 2313 subtus

79 2351 329 2396 stellatum.
401 2352 623 2394 Bracteae
664 2349 846 2405 pilosae,
891 2344 1223 2402 glanduliferae,
1256 2341 1475 2384 stellatae.
1536 2338 1669 2380 Rami

79 2419 330 2475 superiores
365 2418 647 2474 (pedunculi)
678 2421 888 2472 patentes
907 2439 964 2444 —
981 2410 1281 2467 patentissimi
1311 2414 1357 2450 et
1377 2419 1553 2449 sursum
1573 2418 1670 2445 cur-

79 2487 194 2537 vati,
228 2485 558 2541 monocephali,
583 2483 809 2526 acladium
833 2485 1109 2536 superantes.
1164 2477 1335 2518 Ramus
1355 2473 1427 2516 vel
1447 2473 1538 2514 duo
1557 2471 1669 2512 rami

79 2552 312 2596 inferiores
337 2552 562 2595 suberecti
579 2577 637 2582 —
654 2555 876 2605 patenteS,
903 2546 1036 2599 longi,
1070 2540 1383 2596 1—2-cephali.
1435 2537 1669 2581 Acladium

81 2622 225 2662 4—-20
269 2633 364 2661 mm
407 2618 608 2674 longum,
654 2623 701 2659 et
746 2613 986 2671 pedunculi
1025 2608 1290 2657 tomentelli,
1329 2606 1429 2662 pilis
1462 2604 1671 2646 solitariis

79 2686 517 2744 glandulisque
561 2685 767 2739 nigris,
814 2680 1042 2723 crebris
1086 2676 1284 2729 longis
1312 2698 1370 2704 -
1398 2670 1670 2725 longissi-

82 2756 191 2799 mis
227 2754 481 2798 obtecti.
535 2752 768 2795 Involucra
800 2748 1027 2800 subnigra,
1063 2742 1346 2785 mediocriter
1374 2752 1536 2793 magna
1567 2737 1670 2791 (pri-

82 2823 278 2866 marium
325 2823 531 2870 12—13‚5
570 2832 663 2860 mm
707 2816 888 2867 altum),
944 2808 1252 2867 glandulis
1302 2806 1509 2860 nigris,
1559 2816 1671 2844 cre-

80 2890 221 2940 bris,
259 2888 429 2945 partim
460 2886 757 2932 mediocriter,
801 2896 829 2936 p
843 2896 869 2921 a.
884 2887 935 2922 rt
949 2880 962 2920 i
978 2892 1021 2919 m
1063 2891 1091 2918 v
1107 2875 1239 2917 alde
1281 2873 1334 2914 lo
1349 2886 1377 2913 n
1391 2872 1478 2927 gis
1514 2873 1672 2923 (usque
