1840 3170
159 83 182 120 6
430 91 582 120 ARKw
613 82 705 121 Fon
736 91 968 122 ΒοΤΑΝῐΚ.
1028 92 1161 122 BAND
1190 82 1255 124 17.
1314 93 1397 125 N:o
1430 83 1496 126 17.

159 210 203 236 ra
211 209 284 237 mo
318 209 409 237 uno
443 195 646 238 alterove
692 197 945 246 suberecto,
991 197 1141 252 long0‚
1163 197 1419 250 foliofflero,
1443 201 1772 257 monocephalo

156 278 210 303 vx
231 268 361 317 parte
380 263 554 313 infima,
575 264 802 306 rarissime
821 278 950 306 ramo
969 265 1298 320 monocephalo
1317 282 1373 309 ex
1392 274 1523 322 parte
1542 270 1771 325 superiore

157 330 297 372 caulis
328 336 542 380 exeunte3
576 331 700 372 haud
732 346 866 386 saepe
898 333 990 374 duo
1022 332 1172 375 caules
1204 349 1261 376 ex
1291 336 1556 378 rhizomate.
1619 336 1771 379 caulis

156 399 360 451 ramique
397 413 417 439 s
432 413 458 439 a
471 404 492 441 t
528 413 555 440 a
569 399 597 439 b
612 413 686 440 un
701 399 729 440 d
744 413 771 440 a
784 414 816 440 n
829 405 849 441 t
863 414 886 441 e
899 414 921 441 r
955 399 1082 455 pilo
1096 401 1157 450 si,
1195 401 1299 456 pilis
1333 402 1480 458 longis
1515 405 1676 458 (usque
1708 407 1772 455 3,5

156 467 270 517 mm)
313 465 411 507 basi
445 470 518 507 sat
555 465 693 520 longa
726 467 871 521 nigra,
906 467 1193 523 leptotrichis
1227 475 1274 512 et
1306 470 1463 513 floccis
1497 477 1544 514 et
1577 485 1771 527 superne

156 533 423 586 praesertim
471 547 499 587 g
512 533 527 574 l
540 548 567 574 a
580 548 611 575 n
625 534 654 574 d
668 533 753 575 uli
768 549 788 576 s
833 549 856 576 c
870 549 892 576 r
905 550 929 577 e
944 536 972 577 b
985 536 1033 577 ri
1047 550 1082 586 s,
1126 538 1298 591 partim
1332 538 1564 589 brevibus,
1599 540 1770 594 partim

155 600 313 654 longis,
349 601 411 642 fu
425 616 445 643 s
459 615 481 642 c
497 615 546 642 o—
558 616 580 642 c
595 616 618 643 e
632 602 679 642 ri
694 603 786 644 nis
804 627 863 632 —
879 617 906 644 a
921 609 941 646 t
955 604 1038 645 ris
1074 603 1259 647 obtecti.
1324 606 1456 648 Folia
1489 606 1653 649 leviter
1686 606 1770 649 ssa-

155 668 400 718 vescentia,
460 669 704 712 siccatione
749 670 949 725 proclive
1002 671 1314 723 flavescentia,
1358 674 1542 728 petiolis
1571 684 1608 723 ᾖς
1634 673 1770 717 alatis

154 736 392 786 instructa,
430 737 490 777 ad
526 738 752 792 margines
787 743 834 780 et
868 739 916 779 in
949 739 1134 793 petiolis
1168 742 1436 795 praesertim
1470 741 1631 797 pilosa,
1667 741 1771 798 pilis

153 802 297 857 longis
320 803 782 859 microglandulisque
804 806 962 849 multis
984 807 1146 850 cerinis
1169 808 1333 859 obsita,
1356 808 1538 851 caulina
1559 824 1771 865 suprema

153 870 422 925 plerumque
477 873 617 914 etiam
673 872 901 928 glandulis
942 884 979 924 ss
1017 875 1220 926 minutis,
1255 886 1292 925 ss
1325 877 1555 920 solitariis.
1641 877 1770 920 Folia

153 938 372 980 rosularia
416 940 502 981 sub
549 941 730 983 anthesi
777 945 933 992 3—10‚
982 957 1178 997 quorum
1223 943 1422 1000 plurima
1467 949 1541 987 sat
1586 959 1767 1001 magna,

153 1007 378 1048 exteriora
413 1007 524 1057 lata,
562 1009 815 1051 rotundata
832 1035 891 1040 —
907 1010 1102 1053 ovaliter
1137 1011 1352 1067 elliptica,
1392 1012 1544 1054 ovalia
1579 1012 1654 1055 vel
1689 1013 1769 1056 ob·

153 1075 523 1130 ovato-oblonga,
557 1076 695 1131 vulgo
725 1087 762 1127 ss
787 1092 940 1132 grosse
972 1084 1018 1121 et
1048 1079 1366 1133 inaequaliter,
1400 1080 1634 1123 interdum
1665 1094 1768 1136 par-

152 1142 238 1182 tim
269 1144 494 1193 serratim,
527 1145 706 1200 saepius
738 1147 926 1187 omnino
957 1147 1176 1189 sinuatim
1208 1147 1415 1198 dentata,
1447 1149 1663 1190 intimum
1694 1148 1769 1191 vel

151 1209 314 1251 intima
359 1210 567 1265 oblonga,
614 1211 1087 1267 oblongo-lanceolata
1137 1214 1211 1257 vel
1253 1215 1767 1270 ungulato-lanceolata,

151 1277 575 1332 inaequaliter
624 1281 1185 1333 sinuato-dentata,
1221 1285 1447 1338 partim
1489 1283 1768 1326 denticu-

151 1343 293 1395 lata,
352 1346 644 1390 dentibus
691 1349 804 1403 maj
822 1349 1033 1391 oribus
1080 1355 1138 1392 et
1185 1351 1541 1401 minoribus,
1590 1351 1770 1394 valde

151 1413 603 1467 inaequalibus,
665 1417 1768 1474 triangularibus—unguiculato-tri-

151 1481 555 1536 angularibus
607 1483 702 1526 vel
755 1485 982 1539 partim
1037 1488 1378 1529 mammatis
1401 1512 1460 1518 —
1477 1487 1769 1529 mucroni-

150 1547 465 1600 formibus,
499 1552 779 1594 omnibus
809 1557 1078 1595 ceterum
1108 1563 1145 1604 ὲ
1167 1554 1766 1605 mucronato-acutis,
1819 1589 1821 1595 Α

150 1618 518 1671 patentibus
547 1645 607 1649 —-
636 1621 1114 1675 patentissimis,
1171 1623 1484 1665 interdum
1539 1622 1768 1678 partim
1816 1667 1821 1682 Ἰ

149 1687 479 1739 proversis,
540 1692 771 1730 remote
794 1703 1080 1744 —parum
1131 1690 1384 1733 densius
1434 1690 1768 1746 dispositis
1815 1686 1821 1704 ‘

149 1752 477 1804 instructa,
529 1759 587 1797 et
638 1755 879 1810 quidem
919 1757 979 1799 in
1018 1757 1317 1800 inferiore
1334 1759 1468 1800 —in
1509 1758 1768 1800 maxima
1815 1750 1818 1757 ’

150 1826 326 1874 parte
378 1823 713 1877 marginum
765 1823 1044 1867 laminae.
1096 1826 1170 1867 Ad
1201 1825 1275 1868 vel
1306 1840 1464 1868 versus
1495 1826 1672 1882 apicem
1703 1824 1767 1867 la-
1815 1845 1821 1863 .‹

152 1889 300 1931 minae
342 1889 454 1931 folia
497 1891 652 1932 omnia
693 1893 986 1947 integerrima
1020 1899 1142 1936 sunt.
1216 1894 1274 1936 In
1303 1893 1456 1936 rosula
1487 1907 1622 1949 saepe
1657 1896 1768 1935 1—5

150 1955 259 1998 folia
308 1956 536 2012 (stolonis)
581 1958 765 2009 adsunt,
811 1974 928 2014 quae
971 1962 1151 2003 minuta
1174 1986 1234 1991 —
1261 1961 1550 2004 mediocriter
1584 1973 1766 2016 magna,

151 2023 352 2067 obovata
379 2051 438 2056 -—
463 2025 845 2082 lingulato-oblon
849 2042 906 2083 ga
946 2028 1020 2071 vel
1055 2034 1249 2085 anguste
1285 2029 1637 2085 oblonga-—late
1669 2028 1767 2071 lan-

150 2091 338 2144 ceolata,
377 2093 757 2150 subintegerrima
792 2100 838 2138 et
875 2097 1019 2152 magis
1054 2097 1200 2152 pilosa
1235 2103 1358 2149 sunt,
1390 2097 1496 2154 pilis
1520 2096 1668 2153 longis
1693 2101 1767 2140 sat

151 2160 317 2202 crebris
347 2166 394 2204 et
423 2166 497 2204 sat
525 2162 682 2217 rigidis
713 2164 907 2206 munita.
963 2164 1094 2206 Folia
1123 2164 1305 2207 caulina
1336 2168 1464 2216 4—6,
1486 2178 1667 2208 sursum
1690 2163 1767 2207 de-

151 2229 410 2279 crescentia,
453 2233 562 2272 1—3
598 2230 814 2274 inferiora
842 2241 879 2281 ss
906 2232 1022 2275 bene
1051 2232 1251 2284 evoluta,
1295 2231 1768 2288 oblongo-lanceolata

150 2296 224 2338 vel
262 2296 489 2340 lancelata
506 2323 565 2328 ——
582 2304 775 2354 anguste
814 2299 1071 2342 lanceolata
1118 2301 1378 2356 (superius),
1418 2310 1456 2351 ss
1489 2305 1682 2351 remota,
1720 2310 1759 2351 ss

149 2377 299 2417 grosse
326 2370 373 2407 et
398 2365 703 2420 inaequaliter
730 2373 777 2409 et
814 2376 852 2417 ἐς
878 2374 1306 2411 mucronato-acute
1326 2368 1520 2411 dentata
1536 2393 1596 2399 —-
1611 2367 1766 2411 subin·

150 2435 277 2486 tegra
309 2434 552 2488 (superius)
581 2433 655 2477 Vel
681 2435 852 2490 partim
879 2435 1177 2487 denticulata,
1200 2436 1417 2479 dentibus
1436 2436 1609 2492 paucis,
1630 2449 1766 2492 saepe

149 2499 510 2554 subpinnatifide
539 2501 613 2544 vel
644 2503 852 2558 opposite
882 2503 1116 2559 dispositis
1147 2505 1389 2555 instructa,
1420 2504 1654 2560 superiora
1683 2503 1765 2545 mi-

149 2572 264 2608 nuta
282 2593 339 2598 —-
358 2569 678 2621 minutissima,
711 2571 1048 2626 angustissima,
1073 2572 1382 2628 integerrima,
1404 2585 1618 2628 suprema
1636 2570 1765 2613 brac-

149 2633 391 2677 teiformia.
466 2636 523 2677 In
563 2636 685 2680 foliis
725 2637 842 2681 bene
872 2638 1070 2682 evolutis
1103 2640 1235 2682 nervi
1266 2639 1525 2683 secundarii
1555 2643 1628 2682 sat
1659 2652 1764 2681 con-

150 2702 294 2756 spicui
337 2709 459 2746 sunt.
535 2705 666 2747 Folia
705 2706 928 2748 rosularia
967 2712 1175 2749 extrema
1213 2708 1260 2749 in
1299 2706 1584 2763 marginibus
1613 2710 1661 2749 et
1688 2719 1764 2762 pe-

149 2769 271 2811 tiolis
302 2784 437 2825 parce
471 2771 630 2828 pilosa,
662 2779 865 2816 ceterum
900 2774 1159 2830 subglabra,
1195 2775 1348 2818 media
1385 2780 1434 2818 et
1465 2775 1687 2818 interiora
1716 2774 1767 2816 in

150 2837 476 2892 superficiebus
510 2840 650 2882 etiam
685 2841 843 2896 pilosa,
879 2842 959 2884 sed
991 2856 1141 2897 parce,
1162 2844 1358 2898 parcius,
1382 2855 1522 2898 quam
1541 2841 1653 2884 folia
1672 2844 1764 2884 sto-

148 2902 282 2955 lonis;
316 2905 499 2948 caulina
529 2912 576 2948 et
606 2921 741 2963 saepe
771 2908 973 2951 rosulare
1003 2910 1228 2953 extimum
1261 2911 1375 2954 item
1405 2911 1456 2952 in
1481 2908 1765 2965 marginibus
