1840 3170
146 95 198 133 28
413 103 566 132 Arzmv
595 93 690 132 Fon
720 103 949 132 ΒοΤΑΝΙΚ.
1012 104 1145 133 BAND
1177 92 1240 135 17.
1301 105 1384 136 N:O
1415 94 1480 136 17.

144 208 387 249 olas-cen
401 213 492 249 tes
534 214 579 249 et
624 208 786 249 leviter
829 214 1051 250 comatae.
1126 210 1310 263 Liqulae
1353 225 1436 265 pro
1468 211 1756 267 longitudine

144 289 437 328 ¹squamarum
472 276 550 316 vix
594 275 881 317 mediocriter
922 276 1096 330 longae,
1140 291 1283 331 usque
1316 282 1340 318 3
1374 293 1467 319 mm
1497 279 1632 329 latae,
1665 281 1754 322 ob-

143 357 314 384 scuro
358 343 564 385 luteae
615 344 918 396 (croceae),
950 353 986 393 ss
1012 358 1147 398 parce
1176 344 1347 399 pilosae
1382 351 1428 388 et
1459 347 1586 401 apice
1621 361 1755 402 parce

141 410 334 451 ciliatae.
400 410 517 464 styli
549 411 756 459 brunnei,
787 412 1008 465 stigmata
1036 413 1321 454 virescentia.

258 477 418 518 Idre:
454 477 679 531 Salfj'allet
717 478 984 533 (Sjohogda)
1015 480 1030 519 i
1059 494 1148 534 reg.
1182 480 1270 535 alp.
1309 481 1389 535 (³⁰s7
1425 484 1570 534 1918).

257 545 442 599 Mycket
486 546 696 587 utmarkt
734 559 792 586 av
830 546 886 587 de
921 546 1105 596 talrika,
1138 547 1237 590 ofta
1267 551 1363 590 tatt
1394 549 1560 603 sagade
1590 554 1753 592 rosett-

141 612 308 654 bladen
349 612 454 654 med
497 613 628 654 deras
670 627 817 662 vassa,
862 613 1007 656 delvis
1036 614 1202 657 klolikt
1230 615 1545 670 framatbojda
1573 617 1752 667 tandei·²

139 679 194 720 de
234 680 451 721 stundom
491 683 586 722 ratt
624 680 807 729 talrika‚
838 682 1077 724 markbart
1110 682 1399 725 omfattande
1426 683 1751 737 stjalkbladen,

138 747 227 788 den
256 747 419 801 rikliga
450 748 535 789 och
564 748 701 803 langa
732 749 999 804 harigheten
1030 750 1111 791 hos
1142 751 1342 804 stjalken
1372 751 1457 792 och
1488 751 1668 802 bladen,
1697 753 1754 794 de

139 815 299 856 morka
329 815 597 869 glandlerna
627 817 712 858 ooh
745 817 1162 872 mikroglandlerna
1194 819 1221 859 a
1250 818 1464 872 stjalken,
1497 819 1587 861 den
1612 825 1751 869 stom,

138 883 254 936 hoga
282 882 450 924 holken
476 884 580 925 med
607 884 708 926 dess
728 887 831 926 tata
852 885 1113 926 bekladnad
1134 900 1194 927 av
1212 886 1363 941 langa,
1386 888 1468 941 gra
1492 886 1564 928 till
1589 887 1755 942 askgra

138 950 232 999 har,
272 951 329 992 de
365 951 539 1002 morka‚
579 953 594 993 i
630 957 814 1006 spetsen
849 952 1014 995 violett
1052 953 1269 1008 anlupna,
1307 954 1444 1008 langa
1477 955 1562 996 och
1592 954 1763 1005 smala,·

134 1017 263 1072 langt
294 1019 510 1073 utdraget
545 1021 744 1074 spetsiga
781 1019 1065 1074 holkfjallen‚
1098 1021 1154 1063 de
1185 1021 1338 1063 morkt
1369 1021 1753 1078 saffransfargade

135 1085 421 1128 blommorna
455 1088 540 1128 och
567 1088 623 1129 de
643 1088 829 1142 mycket
851 1089 1011 1130 mbrka
1031 1089 1204 1131 stiften.
1227 1114 1286 1119 ——
1308 1082 1372 1131 Ᾰῑ·
1392 1089 1753 1145 uppenbarligen

133 1153 308 1207 ganska
341 1157 454 1196 nara
488 1155 611 1197 slakt
646 1156 751 1197 med
785 1155 915 1198 saval
949 1157 1009 1198 H.
1046 1157 1259 1211 batyodon
1293 1158 1504 1199 DAHLST.
1527 1171 1625 1200 som
1646 1158 1752 1200 med

134 1221 193 1262 H.
226 1221 468 1264 bructerum
498 1223 581 1263 FR.
621 1223 795 1278 (Symb.
829 1224 889 1264 ad
919 1224 1041 1266 Hist.
1075 1224 1200 1266 Hier.
1227 1225 1403 1280 Upsala
1429 1228 1552 1267 1848.
1607 1225 1751 1280 Origi-

134 1288 445 1345 nalexemplar
465 1291 481 1331 i
502 1291 709 1346 Uppsala
732 1291 977 1333 botaniska
999 1295 1244 1346 museum).

250 1403 300 1444 F.
333 1402 664 1446 adexarmatum
701 1404 1004 1457 (modificatio
1028 1405 1101 1447 vel
1125 1419 1169 1446 n.
1196 1405 1275 1458 Η)
1820 1459 1821 1470 3

249 1470 533 1513 Modificatio
559 1472 697 1514 modo
722 1472 930 1523 forsitan,
960 1486 1077 1527 quae
1097 1472 1218 1514 foliis
1244 1472 1434 1515 caulinis
1459 1473 1751 1528 paucioribus
1817 1474 1821 1480 '

131 1542 178 1579 et
204 1537 326 1579 foliis
354 1539 503 1581 minus
532 1539 737 1582 dentatis
765 1540 825 1581 ad
852 1541 913 1582 H.
943 1546 1215 1582 exarmatum
1242 1541 1435 1583 accedit.

247 1605 406 1648 Idre:
441 1606 671 1662 Salfjallet
708 1607 978 1662 (Sjohogda)
1009 1622 1099 1663 reg.
1132 1608 1223 1664 alp.
1255 1610 1321 1664 ³⁰s7
1356 1611 1480 1650 1918.

245 1719 304 1759 H.
334 1723 615 1761 exarmatum
645 1734 689 1760 n.

245 1797 376 1839 Folia
402 1799 552 1841 minus
577 1798 724 1854 pilosa
750 1813 890 1854 quam
915 1800 964 1840 in
988 1799 1048 1841 H.
1076 1799 1273 1854 baphico,
1302 1799 1453 1841 minus
1479 1799 1673 1842 dentata
1691 1824 1750 1829 —

128 1864 406 1920 subintegra,
435 1867 614 1922 saepius
639 1881 733 1908 non
758 1866 832 1909 vel
857 1866 1022 1909 saltem
1048 1868 1199 1909 minus
1224 1867 1538 1909 violascentia.
1589 1867 1747 1910 Unum

128 1931 383 1976 alterumve
425 1934 640 1977 foliorum
684 1934 958 1977 rosularium
1001 1935 1235 1978 interdum
1279 1935 1462 1977 brevius
1504 1939 1552 1977 et
1592 1933 1746 1984 latius,

127 2000 564 2044 subrhomboideum
616 2002 692 2045 Vel
745 2002 1303 2046 subhastato-dentatum.
1382 2001 1513 2044 Folia
1565 2001 1748 2044 caulina

129 2070 255 2118 2—4,
285 2083 481 2123 quorum
506 2070 646 2126 vulgo
671 2085 816 2112 unum
843 2070 990 2113 solum
1017 2070 1271 2114 evolutum.
1325 2071 1354 2112 I
1355 2070 1612 2112 nvolucrum
1636 2084 1747 2113 vero

127 2149 219 2177 non
261 2142 448 2179 tantum
499 2143 727 2192 quantum
775 2139 824 2179 in
866 2139 927 2180 H.
974 2139 1172 2193 baphico,
1228 2141 1397 2180 13—16
1441 2152 1537 2179 mm
1580 2137 1743 2180 altum.

127 2203 354 2257 Squamae
393 2205 619 2248 involucri
658 2220 794 2261 saepe
834 2207 984 2248 minus
1024 2206 1339 2257 violascentes‚
1381 2204 1629 2248 nonnullae
1666 2205 1745 2248 ob-

125 2272 416 2315 tusiusculae.
496 2274 682 2327 Liqulae
716 2273 855 2329 paulo
890 2266 1116 2329 longiores
1151 2279 1212 2324 et,
1244 2279 1472 2328 quantum
1496 2288 1554 2315 ex
1573 2272 1745 2328 plantis

125 2340 361 2382 exsiccatis
394 2341 599 2395 judicare
630 2341 752 2392 licet,
788 2342 933 2397 magis
965 2342 1213 2384 radiantes.
1744 2386 1745 2389 ,

241 2407 401 2450 Idre:
436 2408 666 2463 Salfjallet
691 2410 706 2450 i
731 2424 822 2465 reg.
850 2409 941 2464 alp.
977 2411 1057 2465 (¹⁹’0l⁷
1088 2412 1220 2463 1918)
1229 2424 1239 2460 ;
1266 2408 1549 2464 Langfjallet
1575 2407 1745 2450 mellan

125 2473 394 2530 Grovelsjon
428 2477 513 2518 och
546 2477 810 2532 Havlingen
848 2479 928 2532 (³¹l7
966 2480 1113 2531 1918).

239 2543 362 2584 Fran
394 2544 483 2586 den
514 2546 702 2600 typiska
733 2546 794 2586 H.
829 2545 1065 2599 baphicum
1097 2548 1148 2587 ar
1179 2545 1331 2587 denna
1362 2544 1482 2586 form
1513 2542 1591 2585 val
1622 2542 1744 2586 skild
1784 2568 1786 2571 ·

123 2624 286 2664 genom
325 2612 503 2654 mindre
541 2612 696 2669 bladig
726 2613 882 2667 stjalk,
916 2613 1102 2668 mycket
1132 2626 1466 2668 sparsammare
1497 2610 1741 2654 bladtand-

123 2679 245 2733 ning,
274 2679 451 2721 mindre
477 2679 587 2721 holk
625 2686 728 2731 etc.,
756 2694 861 2723 men
886 2680 976 2722 den
1001 2682 1193 2736 overgar
1217 2694 1382 2735 genom
1403 2678 1743 2721 mellanformer

123 2751 236 2787 utan
267 2750 402 2801 grans
431 2748 446 2787 i
477 2747 758 2790 densamma.

239 2847 289 2888 F.
323 2847 627 2901 bombycinum
658 2862 702 2889 n.
735 2848 767 2890 f.

240 2914 396 2956 Caulis
439 2929 632 2970 superne
675 2915 814 2970 paulo
857 2916 1001 2971 magis
1043 2915 1388 2971 glanduliferus.
1455 2913 1740 2956 Involucrum
