1840 3170
199 113 251 148 M.
282 113 578 153 ELFSTRAND,
609 115 840 146 HIERACIA
871 117 1046 147 ALPmA
1074 108 1199 148 FRAN
1232 119 1471 149 DALARNE.
1576 112 1626 152 37

149 218 208 258 Η.
239 218 436 259 alienum
467 233 511 260 n.

152 283 306 326 Caulis
339 285 471 334 altus,
516 289 684 327 32—40
718 301 802 336 cm,
843 287 1002 329 leviter
1039 288 1284 338 flexuosus,
1319 290 1623 345 polyphyllus,

33 364 252 400 ramOSUS‚
295 365 486 406 superne
527 353 739 407 panicula
779 354 1089 408 polycephala,
1122 365 1157 404 ss
1184 356 1521 410 corymbiformi
1561 359 1626 398 in-

33 422 248 467 structus,
276 432 408 472 saepe
434 420 573 460 etiam
598 433 775 460 ramum
801 435 943 462 unum
968 421 1220 463 alterumve
1245 437 1300 464 ex
1326 423 1472 464 axillis
1497 423 1625 465 folio-

16 497 135 525 sum
176 483 363 526 inferius
404 486 678 527 insertorum
721 501 941 536 exserenS,
987 488 1233 541 aliquando
1274 502 1416 542 usque
1459 504 1486 530 a
1529 490 1626 531 basi

32 564 250 592 ramosus.
330 552 466 592 Rami
511 551 743 594 inferiores
789 553 1049 607 longissimi,
1099 555 1410 609 monocephali
1429 556 1627 610 —poly-

34 616 224 672 cephali,
258 618 494 668 suberecti,
528 618 771 673 pedunculi
804 621 999 674 supremi
1032 621 1256 663 breviores
1288 621 1362 663 vel
1391 622 1625 677 longioreS,

34 683 258 726 suberecti
275 690 560 739 —patentes
586 685 811 727 acladium
838 689 980 728 2-50
1010 701 1103 728 mm
1138 688 1322 742 longum
1348 695 1625 743 superantes,

33 750 168 792 simul
193 765 298 793 cum
323 751 500 794 acladio
524 751 809 793 involucrum
835 767 990 795 versus
1016 754 1203 808 paulum
1230 754 1424 796 dilatati.
1482 755 1627 797 Inter-

0 851 1 859 ,
34 817 145 858 dum
178 817 328 860 caules
361 818 453 860 duo
486 833 542 860 ex
574 819 824 861 rhizomate
857 826 1038 862 exeunt.
1104 821 1253 863 Caulis
1286 821 1548 863 brevissime
1582 828 1627 864 et

0 897 1 909 ¹
33 898 168 939 parce
188 884 371 939 pilosus,
393 885 616 934 stellatus,
634 899 826 940 superne
844 887 1150 937 tomentellus,
1168 887 1393 941 glandulis
1414 888 1627 930 brevibus

34 965 168 1006 parce
214 951 403 1001 obsitus,
451 952 678 993 acladium
724 958 770 994 et
815 953 1059 1008 pedunculi
1104 953 1359 996 tomentelli
1404 960 1450 996 et
1496 968 1628 1009 saepe

33 1017 259 1073 glandulis
281 1018 419 1073 paulo
441 1018 722 1061 densioribus
746 1024 792 1061 et
815 1019 951 1074 paulo
973 1019 1249 1074 longioribus
1273 1021 1450 1062 muniti.
1503 1021 1630 1062 Folia

33 1084 169 1140 longa
197 1090 246 1128 et
275 1090 484 1140 angusta,
516 1087 698 1140 punctis
729 1087 854 1128 canis
885 1087 1194 1128 minutissimis
1226 1088 1374 1129 densis
1404 1093 1450 1129 et
1480 1089 1628 1142 nervis

35 1151 309 1194 secundariis
342 1153 595 1207 conspicuis
627 1158 803 1202 ornata,
838 1167 972 1207 parce
1004 1159 1050 1195 et
1082 1153 1280 1196 breviter
1311 1153 1471 1209 pilosa3
1504 1167 1627 1195 rosu-

33 1218 147 1260 laria·
177 1219 227 1260 in
258 1219 550 1274 marginibus,
584 1221 633 1261 in
663 1220 843 1274 petiolis
875 1220 1125 1274 subtusque
1156 1222 1205 1262 in
1236 1226 1363 1262 costa
1394 1221 1627 1274 imprimis,

35 1285 215 1327 caulina
253 1287 393 1328 etiam
426 1287 475 1327 in
503 1286 753 1341 superficie,
783 1288 1022 1342 praecipue
1050 1287 1271 1337 inferiore,
1302 1287 1403 1342 pilis
1432 1287 1627 1335 obtecta,

36 1353 190 1394 omnia
213 1353 264 1394 in
289 1354 491 1408 margine
517 1359 564 1396 et
590 1353 752 1396 subtus
778 1355 826 1395 in
853 1359 980 1396 costa
1006 1353 1168 1396 saltem
1193 1353 1346 1396 floccis
1372 1354 1629 1408 parcissime

35 1420 264 1476 adspersa,
283 1421 515 1475 superiora
532 1421 673 1463 etiam
690 1422 737 1462 in
755 1420 1003 1475 superficie.
1053 1420 1109 1462 In
1126 1420 1403 1475 marginibus
1419 1419 1628 1461 foliorum

35 1500 317 1529 summorum
362 1487 741 1542 microglandulae
786 1487 1013 1530 solitariae
1057 1487 1238 1529 adsunt.
1314 1487 1406 1529 Sub
1452 1487 1630 1528 anthesi

34 1554 146 1597 folia
169 1554 390 1596 rosularia
420 1557 543 1604 1—6,
570 1556 620 1596 in
644 1554 827 1610 plantis,
857 1567 973 1608 quae
1000 1555 1091 1596 duo
1117 1554 1265 1596 caules
1290 1553 1457 1603 ferunt,
1485 1552 1628 1608 plura,

34 1621 215 1677 petiolis
245 1626 437 1676 anguste
468 1621 602 1664 alatis
631 1623 870 1671 instructa,
903 1622 1126 1664 exteriora
1156 1620 1350 1676 oblonga
1367 1646 1426 1650 —
1441 1625 1631 1674 anguste

33 1688 472 1744 ungulato-oblonga
514 1689 588 1731 vel
631 1695 821 1744 anguste
864 1687 1371 1743 lingulam-lanceolata,
1415 1687 1629 1728 interiora

33 1755 290 1799 lanceolata
305 1781 365 1786 —
380 1762 571 1812 anguste
611 1755 866 1799 lanceolata
907 1762 953 1798 et
995 1755 1274 1797 acutiuscula
1321 1756 1479 1807 (unum
1521 1752 1630 1794 alte-

34 1837 195 1866 rumve
239 1823 679 1878 lineari-oblongum,
727 1837 819 1865 non
865 1825 1087 1875 acutum),
1146 1831 1183 1871 ὲ
1208 1827 1379 1864 remote
1424 1825 1470 1863 et
1500 1829 1536 1868 ss
1565 1820 1630 1860 in-

35 1890 287 1945 aequaliter
339 1891 747 1940 sinuato-dentata,
804 1890 1016 1932 dent-ibus
1070 1894 1117 1931 et
1172 1887 1408 1931 denticulis
1461 1886 1552 1928 late
1577 1910 1634 1915 —

35 1963 228 2013 anguste
268 1957 637 2013 triangularibus,
681 1956 910 2000 nonnullis
953 1953 1629 2011 unguiculato-triangularibus,

35 2025 183 2068 acutis
199 2024 512 2075 —subulatis,
543 2025 872 2080 patentissimis
889 2049 948 2055 —-
963 2023 1241 2079 patentibus.
1300 2020 1427 2064 Folia
1455 2018 1633 2061 caulina

37 2095 165 2143 4—6,
186 2092 402 2136 inferiora
425 2095 537 2134 2—-3
566 2102 604 2142 ss
628 2092 744 2135 bene
765 2090 964 2141 evoluta,
988 2090 1166 2146 petiolis
1195 2098 1232 2138 21:
1257 2087 1390 2130 alatis
1411 2087 1633 2129 instructa

35 2184 94 2190 -—
109 2159 490 2216 subdepetiolata,
509 2164 702 2214 anguste
717 2158 972 2201 lanceolata
987 2163 1034 2200 et
1050 2162 1185 2198 acuta
1207 2157 1365 2209 (unum
1381 2153 1632 2196 alterumve

35 2227 283 2283 aliquando
305 2227 475 2270 lineare
492 2252 552 2258 —
567 2226 813 2282 oblongum
838 2225 911 2267 vel
933 2221 1450 2274 lineari-lanceolatum)‚
1474 2219 1633 2262 eodem

36 2296 173 2339 modo
203 2295 394 2338 dentata
426 2299 478 2337 ut
507 2293 727 2336 rosularia
755 2293 972 2335 interiora
1001 2290 1074 2333 vel
1103 2289 1332 2332 interdum
1355 2287 1632 2340 subinteger-

33 2363 164 2413 rima,
215 2362 448 2417 superiora
498 2362 690 2411 minuta,
743 2359 1075 2414 angustissima,
1126 2352 1554 2398 lineari-lanceolata
1578 2375 1635 2382 -

35 2435 227 2485 anguste
267 2429 468 2478 linearia,
514 2441 725 2484 suprema
765 2428 814 2469 in
856 2426 1061 2467 bracteas
1102 2423 1272 2478 longasi,
1317 2419 1634 2463 subfiliformes

35 2501 232 2547 mutata,
263 2510 321 2539 ex
352 2509 546 2551 quarum
577 2494 726 2537 axillis
756 2491 1000 2550 pedunculi
1030 2490 1227 2546 supremi
1257 2492 1438 2530 exeunt.
1501 2486 1632 2527 Prae-

34 2569 162 2608 terea.
190 2564 240 2605 in
271 2562 449 2605 acladjo
480 2568 528 2605 et
560 2563 609 2604 in
640 2560 907 2617 pedunculis
939 2572 1079 2614 prope
1111 2557 1171 2599 ad
1202 2555 1488 2597 involucrum
1525 2553 1633 2593 1—2

35 2630 247 2675 bracteae
289 2630 484 2673 minores
526 2630 709 2672 adsunt.
784 2625 1028 2669 Involucra
1070 2623 1354 2666 mediocriter
1397 2632 1561 2674 magna
1580 2643 1636 2648 —

35 2711 215 2754 magna,
262 2697 529 2753 primarium
580 2698 823 2747 l3‚5-—18,5
869 2705 962 2735 mm
1007 2691 1168 2740 altum,
1229 2698 1265 2738 ᾗ
1296 2699 1497 2730 crassum
1541 2685 1634 2726 basi

34 2764 232 2820 denique
268 2763 584 2814 subtruncata‚
623 2762 727 2819 pilis
766 2762 863 2803 basi
902 2760 1031 2813 nigra
1068 2758 1194 2812 apice
1233 2761 1306 2798 sat
1344 2753 1634 2796 brevi—sat

34 2830 184 2888 longo,
216 2830 372 2874 albido
401 2844 535 2886 parce
566 2830 767 2873 obsitum
797 2825 1113 2883 glandulisque
1144 2822 1372 2870 brevibus,
1404 2818 1633 2866 tenuibus,

35 2898 239 2942 obscuris
271 2903 319 2941 et
354 2895 719 2953 microglandulis
755 2895 934 2950 sparsis,
971 2891 1185 2933 obscuris.
1253 2889 1382 2930 Basis
1415 2884 1634 2928 involucri
