1840 3170
1477 106 1495 115 a

181 106 231 142 62
473 115 622 144 ARKLV
654 106 746 144 FOR
779 115 1010 144 BOTANIK.
1072 116 1202 144 BAND
1236 104 1299 145 ῙῙ.
1362 117 1442 146 NtO
1480 123 1513 147 ό.

180 214 298 255 libus
355 218 459 256 1-2
518 215 786 268 plerumque
841 215 1074 264 obsoletis,
1128 215 1277 257 laevia
1326 216 1483 270 glabra
1535 231 1578 258 v.
1631 218 1797 258 subtus

180 282 354 323 inferne
400 283 576 324 minute
627 282 836 336 pilosula,
888 284 1092 336 margine
1143 284 1325 337 saepius
1374 298 1584 332 recurva,
1632 285 1795 327 nitida.

178 349 333 390 Flores
380 351 424 390 in
470 349 618 390 axillis
664 349 878 391 foliorum
925 350 1119 391 solitarii
1167 351 1357 392 sessiles.
1429 351 1609 406 Calycis
1654 352 1797 393 tubus

179 416 381 458 breviter
413 416 696 470 globulosus;
731 417 822 458 lobi
857 422 880 457 4
914 418 1104 458 lineares
1136 419 1405 467 acuminati,
1434 420 1639 472 margine
1660 433 1798 473 parce

181 484 538 537 brevissimeque
581 484 730 538 pilosi,
777 485 970 526 coriacei
1017 485 1164 539 rigidi,
1212 485 1297 526 sub
1343 485 1525 527 anthesi
1570 490 1676 527 1—2
1706 501 1797 528 mm

177 551 313 605 longi.
374 550 550 592 Corolla
599 551 719 601 alba,
769 551 973 592 obsolete
1019 557 1217 592 curvata
1263 556 1286 593 8
1332 566 1422 593 mm
1469 553 1622 608 longa3
1656 553 1798 595 tubus

177 633 374 672 superne
404 619 572 658 sensim
604 633 749 673 usque
780 619 923 673 duplo
954 619 1221 673 ampliatus;
1257 619 1347 660 lobi
1381 620 1496 661 tubo
1526 621 1669 675 duplo
1700 621 1801 662 bre·-

177 687 325 727 viores
369 686 855 740 ovato-triangulares.
918 685 1151 727 Genitalia
1192 701 1283 728 non
1327 688 1427 728 visa
1458 688 1608 740 (veris.
1641 703 1668 729 a
1699 703 1798 730 ver-

177 754 326 794 mibus
347 753 622 805 destructa).
674 755 872 795 Fructus
894 754 1317 807 obovato-globosi,
1340 756 1626 797 extrinsecus
1646 755 1799 797 laeves

178 835 221 861 v.
269 821 526 871 sublaeves,
572 825 680 862 2-3
721 835 813 862 min
849 821 993 875 longi;
1027 823 1149 862 cocci
1181 827 1343 863 ventre
1376 823 1527 864 medio
1558 823 1797 877 perforati.

177 889 361 930 Semina
392 889 594 931 obovata
628 891 934 943 nigrescentia
965 890 1144 930 minute
1175 890 1423 943 granulata
1454 891 1604 932 nitida
1636 905 1697 932 cr.
1734 896 1798 941 1‚5

180 970 269 997 mm
291 956 442 1011 longa.
466 982 516 986 —
540 957 733 1013 Depart.
753 957 816 998 du
839 956 934 999 Sud
954 958 1077 998 inter
1098 957 1240 1012 Camp
1262 957 1422 998 Perrin
1443 963 1490 999 et
1512 958 1615 1000 Aux
1638 958 1797 1013 Caycs,

177 1037 237 1065 m.
269 1023 379 1065 Jun.
411 1024 515 1066 flor.
548 1030 594 1066 et
626 1025 784 1065 fruct:
817 1039 860 1067 n.
894 1028 988 1066 248.

290 1090 400 1133 Obs.
460 1092 516 1133 D.
564 1092 784 1134 scandens
828 1091 933 1142 SW.,
981 1093 1076 1133 sine
1107 1091 1250 1133 dubio
1281 1092 1452 1142 affinis,
1485 1092 1607 1134 foliis
1639 1099 1800 1134 ovato-

175 1159 447 1201 lanceolatis
479 1160 652 1201 scabris
682 1160 867 1201 diversa
897 1164 982 1200 est.
1034 1159 1250 1201 Fortasse
1280 1159 1341 1201 ad
1371 1161 1570 1215 speciem
1590 1165 1800 1202 nostram

177 1226 367 1280 plautae
403 1242 427 1268 a
461 1227 515 1268 cl.
548 1227 742 1268 Fuertes
773 1227 820 1268 in
851 1240 984 1281 prov.
1045 1226 1295 1268 Barahona
1325 1241 1469 1282 prope
1500 1227 1680 1269 Rincon
1712 1228 1800 1268 sub

177 1308 220 1335 n.
258 1298 380 1343 ],355
411 1300 458 1336 et
490 1309 515 1335 a
548 1295 600 1336 cl.
635 1294 767 1336 Buch
799 1295 844 1335 in
876 1294 1037 1336 Morne
1067 1295 1266 1336 Travers
1297 1294 1384 1336 sub
1416 1309 1460 1337 n.
1497 1298 1620 1345 1,417
1651 1295 1799 1337 lectae

173 1361 401 1403 accedunt
432 1376 515 1403 nec
546 1362 605 1403 ad
638 1362 694 1403 D.
728 1362 919 1415 riqidam
949 1362 1107 1404 CHAM.
1141 1367 1188 1404 et
1211 1361 1497 1411 SCHLEOHT„
1522 1368 1574 1404 ut
1595 1363 1644 1404 in
1664 1350 1801 1404 Flora

174 1429 390 1484 Doming.
424 1443 469 1484 p.
504 1434 584 1471 686
617 1429 835 1471 indicavi.

785 1640 1196 1694 Compositae.

287 1765 528 1810 Vel-nonin,
573 1765 802 1808 Ekmanii
847 1765 969 1807 URB.
1019 1765 1160 1820 (spec.
1200 1767 1345 1818 now).
1405 1765 1715 1816 Fruticulosa‚
1748 1771 1802 1809 ut

175 1833 377 1875 videtur.
438 1832 574 1874 Rami
618 1834 733 1875 recti
766 1838 938 1875 teretes
968 1834 1278 1884 multistriati,
1311 1835 1585 1888 praesertim
1617 1833 1677 1875 ad
1707 1835 1805 1889 api-

172 1914 270 1942 cem
313 1900 421 1954 pilis
467 1900 810 1954 albido-griseis
854 1900 1177 1955 pubescentes,
1224 1901 1499 1943 internodiis
1542 1905 1696 1952 0,5-1
1729 1915 1801 1942 cm

173 1967 334 2021 longis,
379 1968 571 2022 gemmis
601 1967 662 2009 ad
693 1968 858 2009 axillas
890 1968 1106 2009 foliorum
1138 1968 1276 2010 valde
1306 1968 1594 2010 abbreviatis
1625 1973 1802 2010 tomen-

172 2037 300 2078 tosis.
346 2036 477 2077 Folia
508 2036 671 2078 crebra
693 2036 888 2086 alterna,
913 2040 1021 2077 2--47
1043 2050 1136 2077 mm
1159 2036 1293 2091 longe
1313 2026 1557 2091 petiolata,
1582 2036 1800 2090 oblongo-

171 2103 433 2145 lanceolata
455 2119 500 2145 v.
518 2103 795 2153 lanceolata,
814 2118 956 2157 supra
976 2104 1180 2145 medium
1201 2104 1443 2154 latissima,
1463 2103 1563 2146 basi
1580 2108 1800 2146 truncata

176 2186 219 2212 v.
252 2171 420 2213 leviter
451 2171 660 2220 cordata,
693 2172 824 2225 apice
856 2176 997 2213 acuto
1029 2171 1237 2213 breviter
1267 2176 1557 2222 mucronata,
1581 2175 1691 2213 6-9
1726 2185 1798 2213 cm

171 2238 323 2291 longa,
376 2242 568 2289 l,2—2,5
616 2253 687 2280 cm
719 2239 832 2288 lata,
865 2253 1009 2280 nervo
1041 2239 1194 2281 medio
1224 2253 1366 2294 supra
1397 2240 1603 2281 tenuiter
1631 2239 1801 2293 promi-

171 2312 326 2355 nente,
360 2306 631 2348 lateralibus
663 2311 867 2360 utroque
899 2306 1042 2348 latere
1079 2309 1258 2356 10-12,
1291 2307 1512 2361 utrinque
1532 2305 1801 2348 reticulato-

170 2374 648 2423 anastomosantibus,
697 2374 902 2428 margine
947 2375 1274 2428 angustissime
1311 2379 1559 2416 recurvato
1590 2388 1634 2416 v.
1665 2387 1798 2415 revo-

170 2441 271 2483 luto
317 2443 467 2496 specie
514 2442 781 2488 crenulatis,
827 2456 990 2483 revera
1035 2447 1194 2483 autem
1231 2442 1546 2492 denticulatis,
1579 2441 1799 2484 dentibus

170 2508 401 2550 subulatis
446 2509 630 2551 reflexis
675 2514 722 2551 et
766 2509 910 2551 limbo
955 2509 1122 2551 subtus
1168 2510 1416 2564 adpressis,
1459 2523 1601 2565 supra
1631 2509 1796 2559 nitida,

169 2575 331 2618 setulis
361 2576 498 2617 valde
520 2576 808 2618 abbreviatis
829 2576 930 2618 basi
952 2576 1439 2618 subbulboso-inflatis
1461 2576 1795 2626 scabriuscula,

171 2643 337 2685 subtus
382 2643 531 2684 multo
575 2644 838 2698 pallidiora,
882 2645 1155 2698 praesertim
1187 2645 1247 2686 ad
1279 2657 1446 2686 nervos
1477 2645 1655 2686 minute
1683 2644 1798 2699 pilo-

171 2710 270 2753 sula
312 2716 359 2752 et
390 2712 512 2752 inter
543 2725 710 2753 nervos
740 2711 928 2766 punctis
959 2712 1333 2766 prominent-ibus
1364 2712 1687 2754 minutissimis
1717 2711 1794 2753 ob-

170 2779 274 2828 sita,
318 2777 566 2820 chartacea
603 2793 645 2820 V.
680 2779 1170 2821 chartaceo—coriacea.
1232 2779 1450 2834 Capitula
1483 2778 1640 2825 (valde
1668 2779 1799 2832 juve·

172 2846 296 2889 nilia'
325 2852 512 2889 tantum
543 2848 663 2900 visa)
695 2848 755 2889 ad
786 2847 990 2889 ramulos
1022 2848 1068 2889 in
1099 2848 1230 2904 apice
1260 2861 1495 2889 ramorum
1527 2847 1798 2902 corymbose

170 2915 423 2969 dispositos
454 2916 576 2957 inter
606 2915 827 2970 euphylla
858 2916 1158 2970 prodeuntia3
1191 2915 1418 2956 involucri
1450 2928 1670 2969 squamae
1699 2914 1814 2972 lan-3
