1840 3170
402 125 502 154 IGN.
537 124 717 160 URBAN,
749 123 968 151 PLANTAE
1001 121 1303 151 HAITIENSES.
1608 115 1657 152 37

47 227 200 268 antice
245 226 413 267 sensim
459 225 738 273 acuminata,
786 224 916 277 apice
962 223 1062 275 ipso
1110 222 1376 263 brevissime
1408 222 1663 274 spinuloso-

48 297 299 346 pungent-e,
344 296 483 333 6—10
514 305 584 332 cm
616 291 765 344 longa,
800 294 995 338 2,5-—4,5
1030 303 1100 330 cm
1131 289 1242 337 lata,
1276 289 1430 329 nervis
1462 294 1660 342 utroque

46 361 189 401 latere
221 363 330 400 6—8
361 373 516 413 supra,
551 359 671 400 sicut
698 357 863 405 medio,
884 355 1156 412 prominulis
1177 355 1437 403 reticulata,
1460 357 1663 409 margine

7 476 9 479 ι
47 429 239 480 integra,
274 427 480 467 coriacea
510 425 674 467 nitida.
735 423 952 465 Pedicelli
982 423 1206 464 fructiferi
1230 423 1275 463 in
1298 422 1447 463 axillis
1470 422 1662 463 solitarii

48 507 108 534 cr.
155 497 181 534 9
224 506 318 533 mm
361 492 499 545 longi,
541 497 558 533 1
594 505 685 532 mm
717 491 870 532 crassi.
931 490 1086 531 Flores
1118 490 1279 543 ignoti.
1340 489 1526 543 Drupae
1558 490 1663 542 piri-

46 560 228 609 formes‚
275 559 355 600 sed
401 560 554 600 antice
596 558 880 599 rotundatae
926 561 1090 598 18—19
1126 570 1217 597 mm
1256 556 1433 610 longae,
1466 570 1662 609 superne

49 630 214 669 12—13
258 639 350 667 mm
395 640 589 675 crassae,
638 626 856 678 stigmate
899 624 1128 665 terminali
1171 637 1319 677 parvo
1361 623 1505 664 sessili
1548 623 1662 664 reni-

43 693 178 735 formi
208 707 412 735 concavo
444 697 650 741 notatae,
683 691 951 733 brevissime
973 690 1332 740 tomentosulae3
1354 691 1663 743 pericarpium

43 760 271 814 lignosum
316 764 340 801 3
387 774 478 801 mm
524 773 742 801 crassum.
803 758 965 800 Semen
1008 759 1239 812 integrum
1282 771 1373 798 non
1411 758 1577 799 visum.
1612 781 1661 785 —-

45 827 275 870 Octelette
305 827 482 868 incolis
516 853 567 857 —
603 826 793 880 Depart.
826 825 888 866 du
920 825 1013 867 Sud
1045 838 1190 879 prope
1221 825 1334 865 Port
1365 825 1392 866 a
1413 824 1596 865 Piment
1619 825 1665 864 in

45 894 239 936 collibus
270 895 401 935 siccis
433 893 663 944 calcareis‚
695 907 754 934 m.
786 891 881 934 Ju'l.
914 892 1076 933 fruct:
1110 905 1154 934 n.
1186 896 1267 933 408
1300 892 1495 946 (typus).

157 961 267 1003 Obs.
329 962 365 1002 I.
427 961 595 1002 Affinis
637 961 693 1003 D.
728 960 945 1002 Picardae
975 959 1123 1000 KRUG
1155 964 1201 1000 et
1231 958 1355 1000 URB.
1394 961 1466 1008 (ex
1498 958 1665 999 eadum

44 1028 195 1070 insula
227 1033 272 1069 et
309 1029 450 1070 etiam
481 1029 525 1069 in
560 1032 688 1069 statu
719 1027 962 1069 fructifero
994 1031 1180 1068 tantum
1213 1028 1345 1077 nota)
1377 1026 1497 1067 foliis
1535 1026 1665 1079 apice

44 1110 135 1137 non
166 1096 416 1150 spinulosis
447 1101 493 1137 et
524 1095 755 1137 fructibus
787 1100 947 1136 exacte
979 1094 1198 1135 obovatis
1229 1094 1416 1135 recedit.

158 1162 266 1204 Obs.
328 1163 389 1204 ΙΙ.
449 1162 635 1204 Adsunt
678 1162 769 1203 alia
814 1162 1065 1215 specimina
1110 1161 1153 1202 in
1193 1165 1320 1202 statu
1353 1160 1510 1209 sterili,
1546 1161 1683 1213 quae'

43 1244 103 1271 an
136 1230 223 1272 huc
255 1231 524 1284 pertineant
554 1230 811 1270 discernere
842 1242 933 1269 non
964 1242 1166 1284 possum.
1198 1228 1255 1270 N.
1290 1232 1343 1269 59
1377 1231 1539 1282 (prope
1560 1227 1664 1268 Aux

43 1297 191 1352 Cayes
236 1297 295 1338 ad
334 1297 510 1349 Milien)
542 1296 664 1338 foliis
698 1301 860 1339 13—15
891 1309 984 1337 mm
1015 1295 1150 1349 longe
1182 1295 1420 1349 petiolatis
1452 1295 1669 1349 ellipticis

48 1368 210 1406 10—-15
256 1378 328 1406 cm
362 1364 524 1418 longis,
563 1368 714 1412 4—5‚5
749 1377 820 1404 cm
851 1363 958 1404 latis
989 1364 1195 1416 integris,
1229 1377 1273 1404 n.
1306 1366 1388 1404 368
1421 1363 1563 1411 (inter
1593 1362 1667 1403 Ti-

46 1432 195 1473 buron
238 1436 285 1473 et
326 1431 573 1473 Cahouane
617 1432 665 1472 in
701 1430 895 1473 collibus
926 1431 1057 1472 siccis
1089 1429 1349 1472 litoralibus
1381 1429 1517 1470 valde
1547 1442 1668 1470 com-

45 1499 215 1550 munis)
262 1498 384 1540 foliis
427 1502 535 1541 6-—7
578 1512 671 1539 mm
709 1498 841 1552 longe
871 1498 1123 1552 petiolatis,
1156 1497 1255 1538 basi
1285 1498 1430 1550 magis
1461 1497 1668 1550 inaequi-

42 1566 215 1615 lateris,
261 1579 457 1620 superne
505 1567 650 1619 magis
696 1565 987 1614 acuminatis,
1035 1565 1240 1617 integris,
1284 1578 1328 1606 n.
1375 1567 1457 1605 430
1501 1565 1665 1617 (prope

42 1632 154 1674 Port
183 1633 210 1675 a
242 1634 425 1674 Piment
455 1634 502 1674 in
534 1632 728 1674 collibus
759 1633 890 1674 siccis
921 1632 1156 1682 calcareis)
1189 1631 1311 1672 foliis
1341 1645 1496 1685 grosse
1512 1631 1667 1684 spinu-

41 1700 384 1747 lom-dentatis,
432 1705 666 1742 caeterum
711 1714 814 1741 cum
849 1703 965 1753 typo
997 1699 1110 1740 satis
1141 1698 1257 1740 bene
1288 1697 1665 1751 congruentibus,

42 1767 240 1809 fortasse
271 1772 424 1809 status
455 1768 555 1820 ejus
585 1767 817 1821 juvenilis.

155 1901 333 1945 Croton
363 1901 640 1944 Lindmanii
670 1901 793 1942 URB.
840 1905 978 1955 (spec.
1013 1901 1156 1952 now).
1203 1900 1377 1941 Frutex
1400 1912 1664 1940 monochS.

42 1968 176 2009 Rami
210 1968 447 2010 hornotini
480 1973 664 2018 teretes,
697 1968 801 2022 pilis
831 1967 1106 2022 patentibus
1138 1971 1265 2008 arcte
1296 1967 1555 2021 aggregatis
1590 1970 1667 2006 1-

43 2040 108 2085 l,5
153 2049 245 2078 mm
289 2036 438 2090 longis
488 2036 628 2077 dense
673 2035 971 2089 breviterque
1012 2034 1393 2076 multiramulosis
1422 2033 1591 2074 albidis
1623 2047 1664 2075 v.

42 2102 427 2145 brunescentibus
459 2103 634 2152 vestiti,
663 2102 937 2144 internodiis
978 2106 1127 2152 1-2,5
1158 2115 1228 2143 cm
1249 2101 1415 2154 longis.
1459 2100 1667 2156 Stipulae

0 2206 1 2222 2
43 2169 210 2211 nullae.
271 2170 401 2211 Folia
431 2170 617 2224 petiolis
652 2174 800 2219 1—4,5
834 2183 905 2211 em
935 2169 1083 2223 longis
1105 2182 1250 2223 aeque
1272 2182 1324 2209 ac
1346 2168 1461 2209 rami
1483 2167 1667 2209 vestitis

43 2236 361 2279 subteretibus
410 2241 558 2287 l—l,5
602 2251 694 2278 mm
727 2237 892 2278 crassis
923 2236 1134 2286 suffulta,
1167 2240 1309 2278 ovata
1342 2250 1386 2276 v.
1419 2234 1665 2276 ovato-tri-

41 2304 296 2358 angularia,
346 2305 443 2346 basi
490 2304 744 2346 rotundata
787 2319 830 2345 v.
865 2304 1173 2346 subtruncata
1202 2308 1249 2344 et
1281 2302 1446 2344 leviter
1475 2302 1667 2354 emargi-

41 2375 166 2422 nata,
210 2372 364 2413 antice
407 2372 522 2413 satis
567 2371 701 2426 longe
745 2379 792 2413 et
837 2376 1033 2426 anguste
1075 2371 1356 2419 acuminata,
1400 2369 1531 2423 apice
1563 2369 1663 2422 ipso

40 2438 245 2480 filiformi
276 2438 548 2493 plerumque
578 2438 804 2488 involuto,
838 2442 947 2480 4-9
978 2452 1050 2480 cm
1080 2438 1230 2492 longa,
1265 2441 1419 2487 2,5—6
1451 2450 1522 2478 cm
1554 2435 1663 2484 lata,

42 2507 254 2561 margine
290 2520 446 2561 grosse
492 2521 534 2549 v.
580 2506 1025 2556 lobulato-dentata‚
1072 2505 1291 2547 dentibus
1327 2504 1585 2546 minoribus
1622 2518 1666 2544 v.

43 2575 244 2615 minimis
276 2575 548 2627 interjectis,
581 2574 942 2628 pffinatinervia,
975 2574 1131 2616 nervis
1162 2586 1302 2627 supra
1333 2585 1498 2626 parum
1521 2586 1564 2612 v.
1589 2571 1667 2612 vix

43 2640 276 2695 impressis
306 2641 472 2683 subtus
504 2655 654 2682 crasse
685 2641 1059 2696 prominentibus
1089 2645 1137 2682 et
1167 2653 1331 2694 parum
1355 2639 1563 2687 ramosis,
1585 2637 1665 2678 sed

42 2720 135 2749 non
180 2708 656 2757 anastomosantibus,
703 2722 844 2763 supra
892 2708 996 2762 pilis
1042 2707 1308 2749 stellaribus
1354 2711 1400 2747 et
1446 2705 1664 2747 tenuibus

42 2774 284 2817 ramulosis
330 2775 534 2824 obtecta,
582 2775 748 2817 subtus
792 2776 914 2817 inter
959 2788 1127 2816 nervos
1164 2774 1358 2816 eandem
1389 2773 1557 2827 pubem
1590 2785 1664 2825 ge-

42 2842 206 2892 rentia,
253 2842 312 2886 ad
357 2856 523 2892 nervos
567 2842 671 2896 pilis
714 2842 957 2884 ramulosis
1009 2841 1184 2891 villosa,
1232 2842 1449 2894 utrinque
1491 2838 1659 2887 mollia,

45 2908 213 2950 subtus
244 2922 383 2963 supra
415 2909 546 2950 basin
579 2910 916 2951 excrescentias
949 2909 1080 2950 binas
1102 2908 1341 2950 filiformes
1362 2920 1505 2959 usque
1529 2910 1552 2946 5
1573 2919 1662 2946 mm
