1840 3170
157 50 208 89 70
425 57 577 86 ARKIV
608 47 701 87 roa
732 33 964 87 BOTANIK.
1026 57 1159 87 ΒΑΜ)
1193 46 1259 89 17.
1319 58 1401 88 Nzo
1432 46 1497 89 17.

153 163 313 211 altum,
371 162 687 215 glandulis
759 162 975 216 longis,
1049 163 1359 212 tenuibus,
1434 164 1763 219 subnigriS,

156 230 519 283 praesertim
580 231 639 270 in
701 229 989 283 partibus
1053 229 1469 273 inferioribus
1532 232 1766 274 crebris

152 296 345 350 pilisque
378 297 475 337 basi
507 298 636 351 nigra
662 296 797 350 longa
824 303 869 339 et
896 298 1024 351 apice
1051 297 1240 339 obscure
1265 299 1411 352 griseo
1436 298 1510 340 vel
1535 298 1628 341 fere
1653 300 1765 341 totis

154 364 302 417 nigris,
332 364 619 406 mediocriter
648 366 899 405 numerosis
942 365 1127 406 vestita.
1203 365 1431 418 Squamae
1459 366 1764 416 atro-virides,

151 432 277 485 apice
307 431 533 473 levissime
564 431 878 481 violascentes,
919 431 1095 473 modice
1116 431 1252 481 latae,
1304 432 1528 486 plurimae
1561 433 1765 476 obtusiu-

151 497 314 547 sculae,
348 498 595 540 nonnullae
624 500 862 540 interiores
887 499 1026 554 paulo
1056 500 1340 554 angustiores
1371 505 1418 542 et
1449 506 1626 543 acutae.
1689 501 1766 542 Li-

149 566 275 618 ‚qulae
306 565 593 608 mediocriter
624 566 799 621 longae,
833 572 905 608 sat
931 565 1066 616 latae,
1095 581 1238 621 usque
1262 570 1326 617 3,5
1347 581 1456 617 mm,
1480 567 1764 623 subglabrae‚

150 633 278 686 apice
314 647 407 675 non
441 633 515 675 vel
555 634 817 688 parcissime
861 633 1056 676 ciliatae.
1127 634 1245 689 Styli
1283 635 1764 677 subvirescenti-fusci.

267 700 672 742 Transtrand:
708 701 994 755 Hemfjallet,
1034 701 1261 756 granlund
1304 703 1386 758 (¹0s8
1430 705 1575 756 1908).

266 768 431 810 Denna
452 768 571 810 form
596 771 693 811 star
716 769 901 823 mycket
924 772 1037 810 nara
1060 769 1120 811 H.
1145 770 1480 824 anisopleurum
1503 770 1587 812 och
1610 770 1768 824 skiljer

149 836 215 890 sig
255 835 358 876 fran
399 836 488 877 den
529 836 896 891 huvudsakligen
936 850 1100 891 genom
1139 836 1358 891 foljande.
1432 837 1767 880 Rosettbladen

149 906 229 944 aro
255 903 294 957 ej
325 902 432 945 fullt
460 905 510 945 sa
537 904 695 954 breda;
725 904 1050 958 stjalkbladen,
1080 905 1361 947 atminstone
1388 904 1468 947 det
1495 907 1617 954 ovre,
1646 905 1768 946 hava

149 972 210 1024 pa
251 970 395 1013 undre
438 971 592 1013 sidans
636 971 898 1014 medelnerv
941 972 1222 1014 atminstone
1264 974 1372 1027 spar
1413 986 1473 1014 av
1515 972 1766 1027 stjarnhan
1839 1009 1840 1016 ,

150 1037 372 1079 holkarna
398 1044 519 1081 samt
547 1041 655 1081 ovre
682 1039 869 1081 delarna
896 1053 955 1080 av
981 1038 1185 1082 akladiet
1211 1039 1297 1081 och
1323 1039 1621 1094 korgskaften
1646 1040 1769 1082 hava

150 1105 334 1160 mycket
368 1105 551 1156 talrika,
589 1121 694 1149 men
727 1106 873 1149 finare
908 1106 1188 1162 glandelhar,
1226 1106 1449 1148 holkarna
1484 1110 1564 1149 aro
1598 1110 1768 1149 smarre

149 1173 233 1214 och
264 1172 484 1228 ligulerna
516 1174 713 1216 kortare.

265 1299 323 1339 H.
353 1299 689 1349 subaequidons
720 1312 764 1339 n.

266 1377 422 1420 Caulis
464 1380 637 1419 22—40
677 1392 750 1419 cm
790 1377 926 1427 altus,
969 1377 1208 1419 subrectus
1226 1377 1549 1426 —flexuosus,
1591 1391 1768 1419 crassus

148 1470 206 1474 —
222 1445 415 1500 gracilis,
449 1445 643 1501 simplex
675 1451 722 1488 et
755 1445 1111 1500 monocephalus
1142 1444 1217 1487 vel
1248 1445 1429 1499 saepius
1458 1445 1508 1486 in
1539 1445 1768 1500 superiore

148 1518 280 1566 parte
309 1513 448 1555 ramis
474 1516 584 1554 l-—2
605 1513 875 1568 patentibus
899 1539 959 1543 -—
986 1512 1443 1568 erecto-patentibus,
1473 1512 1650 1567 longe
1691 1511 1767 1553 di-

149 1581 486 1631 stantibus,
541 1581 871 1631 subrectis,
935 1586 1030 1623 sat
1090 1580 1305 1635 longis,
1340 1579 1680 1635 monocephalis
1711 1594 1769 1622 ex

148 1648 297 1691 axillis
340 1649 632 1691 bractearum
666 1649 957 1699 exeuntibus,
1005 1647 1182 1690 acladio
1219 1651 1391 1689 25—50
1425 1662 1498 1690 cm
1531 1647 1669 1702 longo
1701 1647 1768 1688 in-

149 1722 366 1767 structus,
411 1716 635 1767 stellatus,
682 1730 875 1772 superne
907 1715 1217 1766 tomentellus,
1263 1715 1368 1771 pilis
1399 1715 1683 1757 brevioribus
1711 1740 1771 1745 --

147 1783 427 1839 longioribus
475 1786 636 1839 (usque
665 1788 692 1825 4
718 1787 850 1838 mm),
892 1789 965 1826 sat
998 1784 1264 1833 numerosis,
1297 1782 1473 1825 inferne
1500 1781 1768 1837 microglan-

149 1851 281 1902 dulis,
311 1866 506 1908 superne
532 1852 760 1907 glandulis
798 1852 1013 1894 brevibus
1050 1851 1125 1894 vel
1157 1852 1328 1907 partim
1361 1850 1766 1900 submediocribus,

147 1919 605 1975 fuscis—subnigris
645 1920 870 1962 obtectus.
937 1920 1069 1962 Folia
1104 1918 1372 1968 firmula,
1414 1918 1522 1960 sub
1534 1917 1709 1973 glauc
1724 1932 1768 1960 e-

148 1988 407 2038 scentia;
448 2002 517 2038 ea,
550 2001 668 2042 quae
697 1988 813 2030 bene
843 1987 1031 2029 evoluta
1061 1992 1183 2037 sunt,
1214 1985 1396 2042 petiolis
1420 1991 1613 2041 anguste
1633 1985 1769 2028 alatis

147 2056 391 2106 instructa;
433 2055 656 2097 rosularia
683 2055 768 2097 sub
796 2055 977 2097 anthesi
1016 2058 1144 2104 4—6,
1177 2059 1436 2096 extremum
1462 2053 1537 2096 vel
1562 2058 1770 2096 extrema

148 2136 232 2177 pro
258 2124 421 2165 ceteris
453 2137 614 2178 parva,
644 2122 902 2172 denticulis,
936 2123 1171 2165 interdum
1199 2123 1341 2164 etiam
1369 2121 1507 2166 dente
1534 2134 1628 2163 uno
1655 2120 1768 2163 alte-

148 2204 258 2232 rove
279 2191 473 2241 munita,
496 2190 749 2233 rotundata
766 2216 826 2221 —
843 2190 1037 2232 ovaliter
1056 2189 1258 2245 elliptica
1278 2195 1339 2239 et,
1363 2190 1566 2244 margine
1585 2201 1768 2243 exemp-
1837 2221 1840 2229 .

147 2263 211 2308 to,
242 2257 502 2312 subglabra,
523 2263 675 2301 cetera
693 2258 896 2313 elliptica
913 2284 973 2288 ——
988 2257 1082 2300 late
1099 2257 1174 2300 vel
1192 2257 1386 2312 oblonge
1403 2256 1660 2299 lanceolata
1684 2256 1768 2309 (in-
1838 2264 1840 2307 j

148 2325 352 2379 timum),
396 2327 624 2368 exteriora
655 2331 702 2368 et
734 2325 885 2368 media
933 2325 1067 2367 basi
1096 2334 1133 2374 ss
1158 2329 1456 2367 truncata
1501 2323 1599 2366 vel
1642 2323 1769 2366 cito
1834 2315 1840 2362 l

149 2407 171 2433 c
187 2406 213 2434 o
226 2407 257 2434 n
269 2398 290 2435 t
304 2407 326 2434 r
339 2407 366 2434 a
380 2407 402 2435 c
416 2398 437 2435 t
451 2407 492 2443 a,
526 2394 654 2448 apice
686 2394 853 2436 obtusa
871 2419 930 2424 ——
947 2392 1276 2443 obtusiuscula,
1309 2392 1514 2447 margine
1543 2405 1572 2447 g
1583 2405 1606 2433 r
1618 2405 1646 2433 o
1659 2405 1680 2433 s
1693 2405 1715 2433 s
1726 2404 1766 2440 e,
1833 2405 1840 2431 ς

149 2460 505 2514 aequaliter
580 2467 638 2504 et
704 2460 1216 2517 subpinnatifide
1253 2458 1770 2514 —inaequaliter
1833 2483 1840 2512 :

149 2527 424 2579 dentata,
457 2528 754 2571 dentibus
783 2539 820 2578 ss
846 2528 1012 2578 latis,
1050 2526 1768 2583 triangularibus—uni-

147 2595 1013 2651 guiculam-triangularibus,
1058 2596 1263 2638 acutis
1291 2620 1352 2625 -—
1378 2594 1767 2637 obtusiuscu-

148 2662 237 2712 lis,
288 2663 648 2718 plerumque
696 2664 1094 2714 mucronatis,
1153 2661 1768 2719 patentibus—par·
1824 2705 1826 2708 ,

149 2731 257 2771 tim
296 2732 778 2786 patentissimis.
844 2731 918 2773 Ad
940 2732 1117 2786 apicem
1139 2744 1298 2773 versus
1327 2729 1439 2772 folia
1468 2729 1623 2771 omnia
1650 2729 1768 2771 inte·

149 2798 342 2851 gerrima
384 2804 507 2848 sunt,
551 2798 773 2840 rosularia
807 2799 1026 2841 interiora
1056 2798 1308 2840 secundum
1338 2798 1578 2851 margines,
1610 2797 1661 2838 in
1689 2809 1766 2852 pe·
1824 2807 1827 2850 g

148 2864 261 2906 tiolo
293 2865 548 2920 subt-usque
579 2867 628 2906 in
660 2871 788 2908 costa
822 2865 925 2921 pilis
957 2867 1125 2921 sparsis
1157 2865 1357 2919 obtecta,
1400 2864 1768 2918 ceteroquin
