1840 3170
175 77 228 115 52
453 84 604 114 ARKlv
635 74 728 114 Fon
760 83 991 113 BOTANIK.
1050 83 1182 113 ΒΑΜ)
1214 72 1280 115 17.
1341 84 1423 115 Nzo
1456 73 1522 116 17.

175 191 348 244 apicem
379 204 536 230 versus
566 189 872 243 integerrima,
904 188 1162 242 subglabra,
1189 189 1439 231 secundum
1471 191 1698 245 margines
1720 192 1787 246 pi-

174 258 226 297 lis
250 258 417 311 sparsis
447 256 657 311 praedita
666 271 674 305 3
701 257 919 298 interiora
952 256 1102 297 ovalia
1126 282 1184 286 —
1201 256 1294 298 late
1324 256 1593 308 lanceolata,
1621 258 1789 301 obtusa

174 350 231 353 —
249 323 545 373 acutiuscula,
578 333 613 371 ss
640 327 870 365 remote
916 328 975 365 et
1017 323 1197 365 valde
1242 324 1671 378 inaequaliter
1716 327 1787 367 si-

173 391 657 440 nuato-dentata,
715 390 1008 432 dentibus
1058 391 1169 444 maj
1189 391 1398 432 oribus
1441 397 1499 434 et
1549 393 1787 434 minori-

176 459 281 499 bus
318 458 784 513 patentissimis
803 483 861 488 —
880 458 1263 512 patentibus,
1304 460 1788 513 anguste—late

173 525 673 579 triangularibus
712 525 809 566 vel
845 526 1073 580 partim
1118 526 1787 583 unguiculato-procur-

172 594 277 642 vis,
325 607 504 647 saepe
548 594 607 633 in
648 592 948 647 petiolum
979 593 1212 636 alatum
1245 594 1786 637 descendentibus.
1839 590 1840 622 1

172 660 300 701 Folia
339 660 520 702 caulina
558 660 696 714 vulgo
731 663 770 710 2,
811 675 830 702 s
845 674 875 701 u
889 661 918 702 b
933 675 951 702 s
966 676 989 703 e
1006 661 1119 702 mia
1134 675 1179 701 m
1192 661 1287 716 ple
1302 675 1324 703 c
1339 666 1358 704 t
1372 676 1396 703 e
1410 676 1439 702 n
1454 667 1474 704 t
1487 663 1502 703 i
1516 676 1556 712 a,
1600 662 1788 705 inferius
1839 660 1840 668 ¹

170 729 217 768 in
246 728 339 769 ima
369 733 500 783 parte
531 727 671 769 caulis
703 728 843 770 situm
874 728 990 770 bene
1023 728 1276 779 evolutum,
1307 728 1401 771 fere
1434 729 1594 772 eadem
1615 731 1789 785 magni-

170 795 332 837 tudine
365 800 412 838 et
444 795 593 837 forma
627 800 673 837 et
707 795 866 837 eodem
902 795 1038 837 modo
1073 796 1317 839 dentatum
1348 801 1402 840 ut
1441 796 1643 840 rosulare
1682 799 1788 840 inti-

172 876 311 913 mum,
343 862 481 918 paulo
512 863 749 918 angustius
780 868 827 905 et
857 864 1051 914 acutius,
1083 863 1178 906 late
1211 863 1519 907 lanceolatum
1536 890 1595 895 —
1610 865 1788 908 lanceo-

169 930 316 972 latum
347 930 422 973 vel
451 930 1019 985 lingulato-lanceolatum,
1052 932 1257 986 superius
1289 931 1428 987 vulgo
1448 933 1566 974 circa
1587 933 1788 975 medium

170 997 243 1039 vel
268 998 316 1039 in
344 999 574 1053 superiore
601 1002 732 1053 parte
763 998 903 1040 caulis
931 999 1072 1040 situm
1101 999 1332 1042 minutum
1353 1025 1412 1030 —
1431 1000 1789 1043 minutissimum

169 1070 216 1107 et
247 1070 449 1108 acutum.
513 1065 581 1106 In
624 1066 893 1120 margine
936 1065 1078 1108 folii
1123 1066 1426 1109 rosularis
1473 1068 1683 1110 intimi
1729 1074 1788 1112 et

168 1131 310 1174 folii
355 1133 590 1174 caulini
633 1133 959 1175 inferioris
1004 1134 1173 1176 sinus
1217 1135 1314 1176 vel
1356 1135 1634 1177 incisura
1674 1150 1789 1178 una

169 1200 450 1243 alterave
502 1201 728 1243 eximie
781 1201 1316 1245 semiorbicularis
1370 1202 1465 1245 vel
1513 1203 1788 1246 suborbi-
1834 1231 1836 1233 ·

169 1283 191 1308 c
207 1268 305 1310 ula
318 1269 401 1310 ris
441 1283 461 1310 s
477 1283 503 1310 a
517 1283 584 1324 ep
599 1284 622 1311 e
665 1283 692 1310 a
706 1269 736 1310 d
749 1283 774 1311 e
787 1284 807 1311 s
821 1274 855 1311 t.
914 1269 970 1311 In
995 1274 1127 1324 parte
1158 1284 1371 1325 suprema
1401 1270 1543 1313 caulis
1568 1276 1616 1314 et
1639 1285 1787 1314 ramo-

168 1350 284 1386 rum,
318 1336 378 1378 ad
415 1336 547 1378 basin
581 1336 820 1387 involucri,
869 1336 1206 1380 nonnullae
1254 1339 1546 1381 bracteae
1589 1337 1788 1381 sublu·
1836 1377 1837 1381 ,

169 1404 698 1447 tescenti-virides
740 1405 980 1455 adsunt,
1010 1419 1161 1459 quae
1197 1407 1258 1447 in
1302 1420 1583 1460 squamas
1624 1407 1787 1449 invo-
1835 1404 1837 1427 ⁸

168 1471 326 1513 lucri
367 1473 716 1515 exteriores
762 1472 1254 1515 indeterminate
1296 1478 1643 1517 transeunt.
1708 1474 1788 1516 I‘n-
1835 1476 1837 1503 ³

169 1540 391 1581 volucrum
418 1540 723 1595 (primarium)
747 1541 1036 1582 mediocriter
1057 1555 1290 1595 magnum,
1319 1545 1486 1583 13—15
1508 1556 1603 1583 mm
1624 1541 1785 1592 altum,

169 1607 268 1649 basi
296 1607 389 1649 late
419 1608 591 1649 conica.
649 1607 945 1662 Squamae
985 1609 1300 1650 involucri
1337 1614 1431 1652 sat
1468 1609 1650 1660 latae,
1683 1609 1788 1651 sub-

169 1675 304 1717 rectis
344 1674 474 1717 lineis
504 1676 553 1716 in
583 1676 760 1731 apicem
801 1681 1086 1727 attenuatae,
1130 1676 1400 1732 plerumque
1430 1676 1786 1727 obtusiusculae,

168 1742 414 1785 nonnullae
440 1743 678 1785 interiores
706 1752 743 1792 ss
770 1743 1094 1794 acutiusculae,
1121 1745 1366 1787 exteriores
1393 1745 1697 1796 atro-virides,
1720 1746 1787 1786 in-

169 1810 355 1852 teriores
386 1810 636 1861 dilutiores,
669 1811 833 1853 virid
847 1827 871 1853 e
885 1826 905 1853 s
937 1813 1195 1867 (praecipue
1226 1812 1285 1854 ad
1309 1812 1511 1867 limbos),
1540 1826 1698 1855 omnes
1719 1813 1787 1868 pi-

168 1877 222 1919 lis
247 1877 425 1928 albidis,
451 1878 710 1933 gracilibus,
749 1894 770 1921 s
783 1893 810 1920 a
823 1885 844 1922 t
884 1894 905 1921 s
917 1894 948 1934 p
962 1894 989 1920 a
1002 1894 1023 1921 r
1037 1880 1120 1922 sis
1154 1884 1200 1922 et
1233 1879 1462 1935 glandulis
1495 1880 1713 1923 brevibus
1730 1905 1790 1911 ——-

170 1945 487 1996 mediocribus,
523 1947 685 1988 cerinis
719 1952 765 1989 et
807 1947 1178 2002 microglandulis
1213 1948 1375 1990 cerinis
1411 1948 1637 1991 obtectae.
1710 1947 1787 1990 Li-

168 2013 294 2066 qulae
330 2013 618 2056 mediocriter
652 2014 829 2069 longae,
861 2014 997 2065 latae,
1031 2029 1176 2070 usque
1208 2019 1295 2066 3,75
1316 2029 1425 2066 mm,
1441 2030 1638 2066 croceae,
1659 2016 1788 2071 apice

169 2080 363 2123 ciliatae.
436 2081 555 2136 Styli
593 2081 724 2132 fusci,
757 2082 919 2125 leviter
954 2083 1245 2125 virescentes.

285 2148 323 2190 T
335 2163 357 2190 r
371 2163 398 2190 a
411 2163 441 2190 n
455 2163 475 2191 s
487 2154 509 2191 t
522 2163 544 2190 r
558 2163 585 2191 a
597 2163 630 2191 n
642 2149 695 2192 d:
740 2149 989 2204 Narfjallet
1016 2151 1031 2191 i
1059 2165 1150 2206 reg.
1181 2150 1272 2206 alp.
1309 2152 1391 2205 (²4l7
1425 2153 1572 2205 1913).

285 2216 359 2258 En
392 2217 566 2271 ganska
599 2217 796 2259 isolerad
828 2217 962 2268 form,
999 2218 1186 2273 mycket
1218 2219 1429 2261 utmarkt
1463 2218 1605 2260 bland
1642 2222 1787 2260 annat

169 2297 228 2324 av
258 2283 348 2326 den
375 2289 604 2339 sparsamt
634 2285 806 2340 hariga,
839 2285 937 2328 osta
965 2286 1151 2341 greniga
1180 2285 1395 2340 stjalken,
1426 2286 1483 2328 de
1511 2286 1786 2328 karakteris-

168 2350 283 2393 tiskt
317 2351 520 2394 tandade
555 2352 724 2395 bladen
758 2353 864 2395 med
897 2353 954 2395 de
988 2356 1158 2396 nastan
1191 2353 1481 2396 cirkelrunda
1515 2353 1625 2396 eller
1657 2352 1786 2395 halv-

169 2418 514 2462 cirkelformade
536 2420 870 2475 inskarningar,
894 2420 1021 2462 vilka
1042 2421 1142 2463 icke
1165 2420 1310 2463 sallan
1332 2420 1484 2463 sinnas
1505 2421 1522 2462 i
1543 2421 1784 2470 kanterna‚

169 2485 225 2527 de
254 2486 353 2528 osta
382 2487 554 2542 tydligt
585 2487 875 2530 omfattande
904 2488 963 2543 stj
970 2488 1230 2540 alkbladen,
1262 2489 1319 2531 de
1348 2502 1444 2531 mer
1472 2487 1580 2531 eller
1609 2487 1787 2530 mindre

167 2552 336 2595 talrika
363 2554 638 2597 brakteerna
664 2555 794 2597 invid
821 2555 1087 2606 holkbasen,
1117 2556 1174 2598 de
1199 2557 1297 2599 inre
1324 2555 1617 2611 holkfjallens
1643 2557 1787 2611 grona

168 2619 275 2662 eller
307 2621 536 2676 gulaktigt
569 2625 711 2677 grona
742 2623 857 2678 farg,
893 2623 1084 2666 holkens
1115 2623 1338 2679 tamligen
1368 2636 1654 2679 sparsamma
1683 2623 1786 2666 har-

170 2687 431 2730 bekl‘adnad
459 2703 519 2731 m.
550 2704 610 2731 m.
670 2691 773 2732 Den
800 2690 969 2733 foreter
996 2692 1118 2734 vissa
1148 2691 1344 2734 likheter
1371 2690 1478 2733 med
1504 2691 1565 2733 H.
1595 2691 1786 2733 sinnam

165 2755 210 2796 J.
236 2755 286 2797 F.
312 2756 576 2807 HANBURY,
601 2771 699 2799 som
727 2761 779 2800 ar
800 2758 976 2801 funnen
1009 2758 1152 2800 bland
1174 2763 1319 2802 annat
1341 2758 1422 2801 vid
1456 2757 1572 2801 Glen
1594 2756 1786 2820 Fulloch

169 2822 183 2861 i
216 2822 477 2865 Perthshire
506 2825 523 2865 i
555 2824 804 2867 Skottland
842 2826 1108 2879 (HANBURY
1138 2826 1167 2868 1.
1201 2841 1255 2876 c.,
1288 2825 1414 2882 plate
1450 2827 1538 2880 19).
1600 2824 1626 2867 Ι
1655 2824 1785 2880 fraga
