1840 3170
167 75 213 111 14
437 81 590 110 ARKlv
620 72 713 111 Fon
745 81 977 111 Boi-ANJK.
1039 81 1173 110 BAND
1206 69 1272 112 17.
1332 82 1415 111 Nto
1447 70 1511 112 17.

162 188 341 241 sparsis,
378 187 579 234 minutis,
614 186 694 227 sed
726 185 1100 235 evidentioribus,
1134 186 1408 227 involucrum
1439 186 1666 241 glandulis
1686 202 1776 231 ere-

165 254 387 294 brioribus
419 258 465 294 ct
496 252 635 307 paulo
665 252 945 306 longioribus
977 266 1115 306 quam
1147 254 1195 294 in
1225 253 1374 295 forma
1401 254 1538 304 dicta,
1560 268 1778 309 squamae

162 320 383 361 involucri
418 320 695 374 inaequales,
733 320 979 362 exteriores
1015 325 1062 362 et
1098 321 1275 363 mediae
1312 321 1600 364 mediocriter
1640 322 1776 373 latae,
1838 318 1840 324 ’

162 402 253 429 non
282 388 487 437 lineares,
520 388 768 430 nonnullae
797 388 1034 429 interiores
1066 393 1288 443 angustae
1318 394 1364 431 et
1395 394 1571 440 acutae,
1603 389 1696 433 fere
1726 398 1779 433 ut

160 457 207 496 in
239 456 298 496 H.
333 461 542 509 synlomo.

278 524 463 564 Lima:
499 523 795 577 Hundfjallet
826 525 841 564 i
873 537 962 577 reg.
997 523 1088 578 alp.
1130 525 1208 579 (²³s7
1247 527 1392 578 1913).

278 614 336 653 Η.
370 614 574 666 pilegens
605 627 649 654 n.

280 681 435 722 Uerulis
460 684 631 721 21—25
661 695 731 722 cm
761 680 898 730 altus,
923 680 1060 722 altior
1090 695 1229 734 quam
1251 682 1299 722 in
1322 682 1383 723 H.
1408 687 1620 736 syntomo‚
1647 686 1779 723 4—6-

161 748 310 798 solius,
343 762 478 803 parce
508 748 693 803 pilosus,
727 748 971 804 glandulae
1002 748 1143 791 caulis
1175 749 1349 799 breves,
1382 749 1600 792 obscurae
1630 755 1677 793 et
1707 757 1780 793 sat

162 830 359 869 sparsae,
384 817 631 870 sparsiores
655 831 794 871 quam
817 817 865 857 in
887 816 947 858 H.
972 822 1182 870 syntomo,
1205 816 1317 858 folia
1339 831 1552 872 suprema
1585 827 1622 867 ss
1652 818 1779 860 brac-

162 883 391 925 teiformia
430 898 564 939 saepe
592 884 906 939 subopposita,
941 884 1215 926 involucrum
1248 887 1455 935 12—13,5
1494 899 1588 927 mm
1616 885 1779 936 altum,

162 952 341 1005 parcius
380 951 591 1006 pilosum,
635 953 779 1007 magis
818 951 1140 1007 glandulosum
1183 965 1322 1006 quam
1362 953 1412 994 in
1451 953 1577 995 dicta
1614 952 1779 1003 forma,

163 1019 532 1074 microglandulis
577 1020 739 1062 cerinis
783 1019 951 1062 crebris
996 1020 1248 1071 obtectum,
1295 1034 1514 1075 squamae
1557 1020 1781 1063 involucri

124 1094 129 1098 '
160 1085 365 1137 lineares,
387 1102 553 1142 parum
574 1088 873 1142 angustiores,
897 1087 1063 1142 ligulae
1084 1088 1212 1143 apice
1232 1102 1398 1143 parum
1419 1089 1564 1144 magis
1584 1087 1779 1131 eiliatae.

279 1154 343 1195 Li
358 1169 403 1196 m
417 1170 466 1196 a:
500 1155 799 1209 Hundfj'allet
838 1157 916 1212 (²²77
954 1158 1100 1209 1913).

278 1246 333 1286 Η.
364 1247 873 1298 pseudovarangerense
904 1261 948 1287 n.

280 1312 435 1354 Caulis
468 1316 635 1354 11—-22
663 1327 735 1355 cm
775 1313 911 1364 altus,
952 1328 1086 1369 saepe
1112 1313 1322 1369 gracilior
1349 1327 1488 1368 quam
1515 1314 1564 1356 in
1589 1313 1650 1356 H.
1679 1328 1780 1369 syn-

161 1386 287 1431 tomo,
340 1380 451 1422 folia
503 1381 629 1422 haud
680 1396 784 1423 raro
836 1382 1102 1437 subintegra
1119 1382 1501 1437 -integerrima,
1555 1381 1782 1438 glandulis

162 1447 375 1490 solitariis
431 1449 646 1491 brevibus
700 1449 925 1504 praedita,
981 1449 1271 1492 involucrum
1325 1449 1559 1492 interdum
1615 1449 1780 1499 minus,

167 1519 374 1568 11—14,5
407 1531 502 1558 mm
541 1517 704 1568 altum,
746 1531 881 1572 saepe
919 1517 1058 1572 paulo
1089 1518 1272 1573 parcius
1309 1516 1521 1573 pilosum,
1555 1516 1783 1572 glandulis
1820 1514 1821 1522 ’

163 1588 318 1626 autem
363 1584 502 1640 paulo
546 1585 849 1628 crebrioribus
898 1590 945 1628 et
988 1586 1161 1641 partim
1203 1584 1485 1641 longioribus
1529 1584 1780 1635 obtectum,

163 1665 381 1705 squamae
415 1654 560 1708 magis
593 1652 821 1708 aequales,
857 1653 1158 1708 angustiores,
1194 1654 1339 1708 magis
1371 1652 1563 1696 lineares
1597 1657 1643 1696 et
1677 1666 1781 1695 con·
1820 1686 1823 1691 <

162 1719 348 1771 colores,
393 1721 689 1771 obscuriores,
732 1720 899 1776 ligulae
939 1720 1151 1763 laetiores
1194 1735 1335 1775 quam
1375 1721 1425 1763 in
1464 1720 1527 1763 H.
1569 1725 1780 1775 syntomo.

281 1788 470 1830 Lima:
503 1787 801 1843 Hundfjallet
831 1789 847 1830 i
877 1802 968 1843 reg.
1002 1788 1093 1844 alp.
1133 1789 1213 1844 (²²7,
1250 1790 1397 1842 1913).
1607 1839 1609 1842 Α

281 1855 530 1911 Exemplar
564 1857 670 1898 med
705 1855 1018 1898 helbraddade
1052 1855 1161 1898 blad
1195 1856 1354 1898 kunna
1389 1854 1637 1898 habituellt
1670 1869 1784 1896 vara

165 1923 350 1977 mycket
368 1923 463 1965 lika
481 1924 542 1966 H.
564 1938 876 1978 varanqerense
901 1924 1101 1966 ELFSTR.
1130 1924 1347 1978 (Archier.
1369 1937 1452 1966 aus
1470 1923 1782 1978 Norwegisch-
1815 1971 1818 1974 ¹

163 1990 492 2042 Finnmarken,
526 1992 628 2034 Bih.
662 1996 697 2035 t.
731 1991 945 2034 Vet.-Ak.
979 1990 1153 2034 Handl.
1186 1991 1260 2033 Bd
1293 1994 1362 2042 20,
1396 1991 1502 2034 avd.
1536 1990 1627 2041 III,
1660 2005 1705 2033 n.
1744 1994 1780 2040 1,
1816 1990 1819 1994 ’

169 2062 315 2114 1894),
348 2058 504 2102 vilken
534 2059 666 2110 dock,
699 2061 850 2102 sasom
883 2060 961 2115 jag
991 2073 1055 2101 nu
1085 2059 1188 2102 haft
1217 2058 1399 2102 tillfalle
1429 2063 1503 2102 att
1532 2073 1593 2110 se,
1625 2061 1677 2101 ar
1707 2057 1784 2100 val

164 2126 297 2169 skild.
362 2127 453 2182 Jag
491 2130 654 2169 amnar
690 2126 935 2170 framdeles
974 2126 1264 2169 aterkomma
1300 2126 1374 2170 till
1412 2127 1565 2169 denna
1601 2126 1688 2169 och
1726 2140 1783 2168 en

165 2194 238 2236 del
276 2195 420 2237 andra
455 2195 742 2237 nordnorska
779 2194 934 2250 alpina
971 2195 1217 2237 Hieracier.

282 2286 340 2327 Η.
371 2287 615 2329 variodens
645 2299 690 2328 n.

282 2353 355 2394 Ab
406 2353 468 2395 H.
521 2358 718 2407 syntomo
768 2353 892 2395 notis
944 2352 1243 2407 sequentibus
1294 2351 1544 2395 diversum.
1627 2350 1783 2394 Gaulis
1816 2372 1818 2375 v

165 2420 398 2462 interdum
430 2420 658 2476 glandulis
690 2420 1004 2471 crebrioribus,
1039 2420 1376 2463 obscurioribus
1407 2424 1454 2463 et
1485 2419 1656 2475 partim
1686 2417 1782 2461 lon-

167 2488 366 2542 gioribus
415 2488 641 2531 obtectus.
722 2488 854 2531 Folia
901 2487 1123 2531 rosularia
1172 2488 1323 2530 minus
1371 2486 1532 2543 pilosa,
1580 2485 1781 2536 firmula,
1838 2505 1840 2530 ¹,

168 2555 416 2606 subnitida,
461 2556 640 2607 viridia,
685 2557 836 2598 minus
877 2555 1153 2610 inaequalia,
1197 2554 1337 2612 paulo
1379 2554 1659 2610 angustiora,
1703 2553 1782 2596 sed
1839 2553 1840 2557 ’

168 2622 303 2665 valde
330 2623 633 2678 inaequaliter
662 2624 870 2674 dentata,
901 2628 948 2666 et
979 2623 1164 2682 quidem
1194 2623 1338 2678 magis
1366 2623 1577 2678 protinus
1606 2621 1781 2677 apicem

168 2689 365 2732 laminae
389 2705 561 2741 versus,
589 2692 637 2732 in
662 2705 756 2733 una
781 2692 985 2746 margine
1011 2690 1190 2742 saltem,
1218 2690 1433 2733 dentibus
1458 2703 1580 2732 nunc
1605 2689 1782 2745 paucis·
1802 2692 1810 2729 ,“

168 2758 307 2808 simis,
334 2772 454 2799 nunc
480 2758 700 2813 pluribus,
727 2759 899 2813 partim
920 2759 1209 2802 mediocriter
1229 2758 1421 2813 magnis,
1442 2757 1615 2813 partim
1635 2756 1780 2798 minu-

169 2825 242 2874 tis,
274 2825 630 2880 triangularibus
656 2851 716 2857 -
738 2825 1412 2881 unguiculato-triangularibus
1431 2850 1492 2856 -
1509 2827 1781 2866 mammato-

170 2892 540 2947 triangularibus,
572 2894 742 2948 partim
774 2894 994 2948 angustis,
1026 2894 1197 2949 partim
1226 2893 1347 2944 latis,
1379 2892 1586 2948 plurimis
1606 2904 1780 2933 mucro-
