1840 3170
0 85 2 203 ἰ
194 130 246 160 Μ.
279 130 573 167 ELFSTRAND,
606 131 838 160 HIERACIA
870 131 1042 160 ALPINA
1073 121 1199 161 ΕΒᾸΝ
1230 132 1468 162 DALARNE.
1576 125 1624 162 21

0 206 3 304 ξ
29 235 208 277 anthaei
238 237 364 283 4—6,
399 235 578 288 petiolis
609 236 938 289 angustissimis
967 235 1102 277 alatis
1131 237 1368 285 instructa,
1402 238 1626 278 exteriora

0 305 2 323 ¹
29 301 400 356 elliptico-ovalia
428 301 501 343 vel
526 302 910 351 obovato-ovalia,
934 302 1031 343 basi
1051 308 1122 344 sat
1143 308 1357 344 truncata
1377 303 1450 344 vel
1470 308 1625 344 rotun—

30 368 154 418 data,
199 368 416 410 interiora
459 368 873 422 elliptico-oblonga
909 394 967 398 —
1001 368 1093 410 late
1143 369 1623 423 lanceolam-oblonga,

29 435 128 476 basi
156 440 364 484 cuneata,
397 436 523 488 apice
553 435 733 483 obtuso3
766 435 954 475 dimidia
983 434 1177 476 laminae
1199 450 1331 489 saepe
1352 436 1484 477 valde
1505 437 1624 476 inae-

18 501 183 555 ¹qualia
212 506 259 543 et
287 502 645 555 incongruentia.
690 501 817 542 Folia
848 502 1025 542 caulina
1057 505 1181 549 2—4‚
1208 502 1417 542 infimum
1443 503 1514 543 vel
1535 503 1626 543 duo

27 567 190 609 infima
218 582 352 622 saepe
381 577 418 616 ss
443 568 558 609 bene
578 567 762 609 evoluta
792 577 828 616 ὲ
853 568 984 621 longe
1004 569 1238 621 petiolata,
1260 569 1352 610 late
1371 569 1626 610 lanceolata

27 659 87 665 ——
115 634 526 689 lingulato-ovalia,
549 648 809 688 supremum
833 634 1162 676 bracteiforme.
1214 635 1240 675 I
1245 635 1493 676 molucrum
1522 636 1625 689 (pri-

28 702 244 754 marium)
268 701 429 751 altum,
458 704 625 741 15—16
655 714 762 749 mm,
798 700 944 754 pilis
979 702 1224 749 crebris,
1261 701 1473 755 longis,
1506 715 1625 755 gra-

27 767 270 818 cilibus,
321 768 803 821 canis—griseis
851 768 1030 808 dense
1076 769 1387 817 vestitum,
1436 768 1625 822 glandu-

25 834 172 888 lisque
200 835 416 876 tenuibus
439 835 621 888 sparsis,
648 838 719 875 sat
740 834 834 875 dite
856 834 1360 888 microglanduliferum.
1410 834 1626 887 Squamae

25 901 251 943 involucri
291 900 780 950 subconcolores,
823 901 1213 949 atrovirides,
1257 900 1552 954 plurimae
1582 911 1617 949 ss

28 974 328 1023 angustae
357 972 414 1009 et
451 973 682 1017 acutae,
714 981 885 1022 paucae
915 968 1156 1009 exteriores
1186 967 1451 1008 lat-iusculae
1481 972 1524 1009 et
1549 967 1624 1008 ob-

26 1034 317 1084 tusiusculae,
358 1034 604 1076 nonnullae
643 1035 832 1076 intimae
862 1034 1377 1076 subulam-attenuatae.
1443 1034 1625 1087 Liqulae

27 1107 100 1144 sat
129 1101 304 1152 breves,
336 1115 480 1155 usque
511 1104 575 1150 2,5
605 1115 698 1141 mm
737 1100 872 1150 latae,
904 1114 1037 1155 parce
1066 1101 1235 1155 pilosae
1265 1105 1310 1142 et
1341 1101 1467 1154 apice
1492 1114 1625 1154 parce

26 1168 221 1219 cffiatae,
251 1168 371 1211 laete
401 1168 647 1210 vitellinae.
707 1167 820 1221 Styli
850 1167 1061 1217 sublutei,
1091 1167 1251 1209 leviter
1281 1167 1565 1208 virescentes.

144 1235 354 1278 Sarna:
386 1235 654 1289 Fulufjallet
693 1235 758 1288 (¹1²8
796 1237 940 1287 1913).

142 1313 363 1356 Utmarkt
394 1327 557 1367 genom
589 1313 645 1354 de
675 1312 811 1366 langa
841 1312 926 1354 och
956 1312 1132 1366 rikliga‚
1164 1312 1259 1352 sina
1292 1312 1430 1353 haren
1453 1312 1478 1351 a
1498 1311 1624 1364 stjal-

26 1380 130 1431 ken,
162 1381 218 1422 de
251 1380 388 1423 flesta
422 1380 588 1422 bladen
623 1380 708 1421 och
743 1379 923 1428 holken,
960 1379 1048 1420 den
1083 1379 1200 1433 boga
1235 1378 1401 1419 holken
1436 1377 1538 1418 med
1569 1377 1624 1418 de

27 1461 123 1490 mer
151 1447 260 1490 eller
285 1447 461 1489 mindre
486 1446 630 1489 smala
655 1447 741 1488 och
766 1447 965 1501 spetsiga
990 1445 1148 1499 fjallen
1174 1459 1233 1486 m.
1263 1459 1321 1486 m.

143 1560 200 1600 11.
229 1560 482 1611 sinigerum
512 1572 556 1599 n.

144 1637 300 1679 Caulis
327 1640 499 1677 22—24
531 1650 603 1678 cm
636 1636 772 1686 altus,
800 1635 962 1677 leviter
988 1634 1233 1683 flexuosus,
1263 1633 1400 1687 vulgo
1430 1632 1624 1682 3—folius,

26 1704 219 1759 simplex
255 1710 303 1747 et
340 1703 693 1758 monocephalus
737 1702 833 1756 (sed
868 1703 916 1743 in
953 1716 1044 1742 una
1081 1707 1127 1743 et
1164 1701 1260 1742 sola
1296 1700 1470 1754 planta,
1510 1713 1626 1753 quae

26 1771 172 1821 adest,
206 1770 298 1813 duo
330 1770 481 1813 caules
506 1785 562 1813 ex
586 1771 872 1822 rhizomate),
894 1768 1119 1817 stellatus,
1154 1768 1334 1809 dense
1376 1765 1624 1821 pilosuS‚

25 1837 173 1894 pilis
216 1838 350 1880 basi
390 1837 570 1892 longa
612 1838 785 1891 nigra
826 1836 1026 1890 longis
1064 1837 1223 1888 (usque
1249 1838 1272 1873 5
1298 1836 1426 1886 mm),
1460 1832 1626 1873 albidis

25 1930 85 1935 —
99 1905 255 1960 griseis
276 1904 594 1960 glandulisque
615 1905 664 1946 in
684 1903 894 1946 inferiore
916 1908 1046 1958 parte
1069 1901 1211 1943 caulis
1233 1900 1442 1942 brevibus
1461 1923 1519 1930 —-
1536 1913 1626 1940 me-

25 1971 268 2022 diocribus,
298 1972 347 2013 in
375 1972 604 2027 superiore
632 1976 763 2026 parte
791 1971 889 2024 ejus
913 1970 1082 2024 partim
1106 1968 1262 2022 longis,
1296 1967 1454 2008 cerinis
1485 1965 1624 2006 -fu-

25 2039 278 2089 scocerinis,
300 2039 466 2081 crebris
497 2038 686 2080 obsitus.
719 2037 850 2080 Folia
879 2036 1040 2079 leviter
1067 2035 1374 2083 flavescentia,
1406 2043 1442 2082 ss
1467 2031 1624 2087 pilosa,

25 2105 130 2162 pilis
166 2106 265 2148 basi
300 2105 474 2148 luteola
509 2105 584 2148 vel
618 2106 667 2146 in
702 2103 822 2146 foliis
859 2103 1164 2158 superioribus
1194 2101 1320 2142 fusca
1338 2099 1626 2153 —subnigra

25 2172 484 2229 microglandulisque
531 2173 782 2214 numerosis
828 2171 1028 2213 obtecta.
1111 2168 1239 2210 Folia
1285 2165 1503 2209 rosularia
1541 2166 1625 2207 sub

25 2240 206 2283 anthesi
250 2244 316 2291 11,
357 2253 552 2294 quorum
590 2238 788 2294 plurima
825 2236 1056 2280 stolonum
1095 2240 1216 2284 sunt,
1258 2235 1366 2276 haec
1406 2233 1544 2274 dense
1577 2238 1625 2274 et

24 2305 157 2363 longe
208 2306 355 2362 pilosa
407 2305 851 2361 microglandulifera
902 2304 982 2346 sed
1033 2317 1124 2345 non
1175 2299 1488 2356 glandulifera‚
1533 2298 1625 2340 late

23 2373 280 2418 lanceolata
296 2399 355 2405 —
371 2371 968 2428 sublingulato—lanceolata,
1017 2371 1065 2411 in
1113 2369 1312 2423 margine
1359 2371 1530 2408 remote
1578 2371 1625 2406 et

25 2439 151 2483 haud
189 2441 415 2496 profunde
455 2439 752 2489 denticulata,
788 2437 1007 2481 rosularia
1047 2441 1196 2478 cetera
1238 2447 1460 2488 magna,
1491 2445 1626 2487 parce

24 2507 184 2564 pilosa,
217 2509 368 2551 nervis
401 2508 680 2550 secundariis
713 2506 980 2560 conspicuis,
1018 2503 1212 2557 oblonga
1242 2526 1299 2531 —
1326 2500 1418 2542 late
1450 2498 1623 2540 lanceo-

23 2573 135 2626 lata,
177 2581 419 2625 remote,
450 2573 871 2628 inaequaliter
900 2577 958 2614 et
999 2569 1177 2612 valde
1222 2581 1427 2622 grosse
1470 2566 1622 2606 sinu-

24 2642 422 2692 ato-dentata,
472 2641 764 2684 dentibus
818 2639 1042 2694 paucis,
1100 2635 1344 2689 magnis,
1400 2632 1622 2688 partim

24 2708 202 2752 valde
244 2708 408 2759 latis,
438 2707 564 2751 late
606 2704 1105 2761 triangularibus
1142 2707 1199 2744 et
1232 2698 1621 2746 mucronatiS,

24 2777 251 2832 partim
295 2771 1143 2828 mammato-triangularibus‚
1190 2781 1302 2809 uno
1345 2766 1624 2808 alterove

23 2842 623 2892 rotundato-obtuso,
688 2837 1146 2896 patentissimis
1179 2860 1237 2866 -—
1268 2832 1623 2888 patenti-pa-

23 2911 420 2960 tentissimis,
466 2923 557 2951 uno
589 2909 791 2951 alterove
821 2900 1512 2956 subretroverso-patcntissimo,
1546 2899 1623 2939 in-
